@book{Polchinski:1998rq,
    author = "Polchinski, J.",
    title = "{String theory. Vol. 1: An introduction to the bosonic string}",
    doi = "10.1017/CBO9780511816079",
    isbn = "978-0-511-25227-3, 978-0-521-67227-6, 978-0-521-63303-1",
    publisher = "Cambridge University Press",
    series = "Cambridge Monographs on Mathematical Physics",
    month = "12",
    year = "1998"
}

@article{Carroll:1997ar,
    author = "Carroll, Sean M.",
    title = "{Lecture notes on general relativity}",
    eprint = "gr-qc/9712019",
    archivePrefix = "arXiv",
    reportNumber = "NSF-ITP-97-147",
    month = "12",
    year = "1997"
}

@article{Harlow:2018tqv,
    author = "Harlow, Daniel and Jafferis, Daniel",
    title = "{The Factorization Problem in Jackiw-Teitelboim Gravity}",
    eprint = "1804.01081",
    archivePrefix = "arXiv",
    primaryClass = "hep-th",
    doi = "10.1007/JHEP02(2020)177",
    journal = "JHEP",
    volume = "02",
    pages = "177",
    year = "2020"
}