@article{Cordes:1994fc,
    author = "Cordes, Stefan and Moore, Gregory W. and Ramgoolam, Sanjaye",
    title = "{Lectures on 2-d Yang-Mills theory, equivariant cohomology and topological field theories}",
    eprint = "hep-th/9411210",
    archivePrefix = "arXiv",
    reportNumber = "YCTP-P11-94",
    doi = "10.1016/0920-5632(95)00434-B",
    journal = "Nucl. Phys. B Proc. Suppl.",
    volume = "41",
    pages = "184--244",
    year = "1995"
}

@article{Witten:1991we,
    author = "Witten, Edward",
    title = "{On quantum gauge theories in two-dimensions}",
    doi = "10.1007/BF02100009",
    journal = "Commun. Math. Phys.",
    volume = "141",
    pages = "153--209",
    year = "1991"
}

@article{Gross:1992tu,
    author = "Gross, David J.",
    title = "{Two-dimensional QCD as a string theory}",
    eprint = "hep-th/9212149",
    archivePrefix = "arXiv",
    reportNumber = "PUPT-1356",
    doi = "10.1016/0550-3213(93)90402-B",
    journal = "Nucl. Phys. B",
    volume = "400",
    pages = "161--180",
    year = "1993"
}

@article{Gross:1993hu,
    author = "Gross, David J. and Taylor, Washington",
    title = "{Two-dimensional QCD is a string theory}",
    eprint = "hep-th/9301068",
    archivePrefix = "arXiv",
    reportNumber = "LBL-33458, PUPT-1376, UCB-PTH-93-02",
    doi = "10.1016/0550-3213(93)90403-C",
    journal = "Nucl. Phys. B",
    volume = "400",
    pages = "181--208",
    year = "1993"
}

@article{Gross:1993yt,
    author = "Gross, David J. and Taylor, Washington",
    title = "{Twists and Wilson loops in the string theory of two-dimensional QCD}",
    eprint = "hep-th/9303046",
    archivePrefix = "arXiv",
    reportNumber = "CERN-TH-6827-93, PUPT-1382, LBL-33767, UCB-PTH-93-09",
    doi = "10.1016/0550-3213(93)90042-N",
    journal = "Nucl. Phys. B",
    volume = "403",
    pages = "395--452",
    year = "1993"
}

@article{Birmingham:1991ty,
    author = "Birmingham, Danny and Blau, Matthias and Rakowski, Mark and Thompson, George",
    title = "{Topological field theory}",
    reportNumber = "CERN-TH-6045-91",
    doi = "10.1016/0370-1573(91)90117-5",
    journal = "Phys. Rept.",
    volume = "209",
    pages = "129--340",
    year = "1991"
}

@article{michiels2013moduli,
  title={Moduli spaces of flat connections},
  author={Michiels, Daan},
  journal={KU Leuven Thesis},
  year={2013},
  url="https://faculty.math.illinois.edu/~michiel2/docs/thesis.pdf"
}

@book{Hatfield:234595,
      author        = "Hatfield, Brian",
      title         = "{Quantum field theory of point particles and strings}",
      publisher     = "Addison-Wesley",
      address       = "Redwood City, CA",
      series        = "Frontiers in Physics",
      year          = "1992",
      url           = "https://cds.cern.ch/record/234595"
}

@book{Polchinski:1998rq,
    author = "Polchinski, J.",
    title = "{String theory. Vol. 1: An introduction to the bosonic string}",
    doi = "10.1017/CBO9780511816079",
    isbn = "978-0-511-25227-3, 978-0-521-67227-6, 978-0-521-63303-1",
    publisher = "Cambridge University Press",
    series = "Cambridge Monographs on Mathematical Physics",
    month = "12",
    year = "2007"
}

