@article{Harlow:2018fse,
    author = "Harlow, Daniel",
    title = "{TASI Lectures on the Emergence of Bulk Physics in AdS/CFT}",
    eprint = "1802.01040",
    archivePrefix = "arXiv",
    primaryClass = "hep-th",
    doi = "10.22323/1.305.0002",
    journal = "PoS",
    volume = "TASI2017",
    pages = "002",
    year = "2018"
}

@article{Lewkowycz:2013nqa,
    author = "Lewkowycz, Aitor and Maldacena, Juan",
    title = "{Generalized gravitational entropy}",
    eprint = "1304.4926",
    archivePrefix = "arXiv",
    primaryClass = "hep-th",
    doi = "10.1007/JHEP08(2013)090",
    journal = "JHEP",
    volume = "08",
    pages = "090",
    year = "2013"
}

@article{Pastawski:2015qua,
    author = "Pastawski, Fernando and Yoshida, Beni and Harlow, Daniel and Preskill, John",
    title = "{Holographic quantum error-correcting codes: Toy models for the bulk/boundary correspondence}",
    eprint = "1503.06237",
    archivePrefix = "arXiv",
    primaryClass = "hep-th",
    doi = "10.1007/JHEP06(2015)149",
    journal = "JHEP",
    volume = "06",
    pages = "149",
    year = "2015"
}

@InProceedings{Dunham:Escher,
author="Dunham, Douglas",
editor="Bruter, Claude",
title="M.C. Escher's Use of the Poincar{\'e} Models of Hyperbolic Geometry",
booktitle="Mathematics and Modern Art",
year="2012",
publisher="Springer Berlin Heidelberg",
address="Berlin, Heidelberg",
pages="69--77",
abstract="The artist M.C. Escher was the first artist to create patterns in the hyperbolic plane. He used both the Poincar{\'e} disk model and the Poincar{\'e} half-plane model of hyperbolic geometry. We discuss some of the theory of hyperbolic patterns and show Escher-inspired designs in both of these models.",
isbn="978-3-642-24497-1"
}

@article{Benjamin:2020mfz,
    author = "Benjamin, Nathan and Collier, Scott and Maloney, Alexander",
    title = "{Pure Gravity and Conical Defects}",
    eprint = "2004.14428",
    archivePrefix = "arXiv",
    primaryClass = "hep-th",
    doi = "10.1007/JHEP09(2020)034",
    journal = "JHEP",
    volume = "09",
    pages = "034",
    year = "2020"
}

@article{Susskind:2014rva,
    author = "Susskind, Leonard",
    title = "{Computational Complexity and Black Hole Horizons}",
    eprint = "1403.5695",
    archivePrefix = "arXiv",
    primaryClass = "hep-th",
    doi = "10.1002/prop.201500092",
    journal = "Fortsch. Phys.",
    volume = "64",
    pages = "24--43",
    year = "2016",
    note = "[Addendum: Fortsch.Phys. 64, 44--48 (2016)]"
}

@book{Rangamani:2016dms,
    author = "Rangamani, Mukund and Takayanagi, Tadashi",
    title = "{Holographic Entanglement Entropy}",
    eprint = "1609.01287",
    archivePrefix = "arXiv",
    primaryClass = "hep-th",
    reportNumber = "YITP-16-106",
    doi = "10.1007/978-3-319-52573-0",
    publisher = "Springer",
    volume = "931",
    year = "2017"
}

@article{Vidal:2007hda,
    author = "Vidal, G.",
    title = "{Entanglement Renormalization}",
    eprint = "cond-mat/0512165",
    archivePrefix = "arXiv",
    doi = "10.1103/PhysRevLett.99.220405",
    journal = "Phys. Rev. Lett.",
    volume = "99",
    number = "22",
    pages = "220405",
    year = "2007"
}

@article{Swingle:2009bg,
    author = "Swingle, Brian",
    title = "{Entanglement Renormalization and Holography}",
    eprint = "0905.1317",
    archivePrefix = "arXiv",
    primaryClass = "cond-mat.str-el",
    doi = "10.1103/PhysRevD.86.065007",
    journal = "Phys. Rev. D",
    volume = "86",
    pages = "065007",
    year = "2012"
}

@article{Boruch:2021hqs,
    author = "Boruch, Jan and Caputa, Pawel and Ge, Dongsheng and Takayanagi, Tadashi",
    title = "{Holographic Path-Integral Optimization}",
    eprint = "2104.00010",
    archivePrefix = "arXiv",
    primaryClass = "hep-th",
    reportNumber = "YITP-21-25, IPMU21-0022",
    month = "3",
    year = "2021"
}

@article{Nozaki:2012zj,
    author = "Nozaki, Masahiro and Ryu, Shinsei and Takayanagi, Tadashi",
    title = "{Holographic Geometry of Entanglement Renormalization in Quantum Field Theories}",
    eprint = "1208.3469",
    archivePrefix = "arXiv",
    primaryClass = "hep-th",
    reportNumber = "YITP-12-72, IPMU12-0159",
    doi = "10.1007/JHEP10(2012)193",
    journal = "JHEP",
    volume = "10",
    pages = "193",
    year = "2012"
}

@article{Lewkowycz:2019xse,
    author = "Lewkowycz, Aitor and Liu, Junyu and Silverstein, Eva and Torroba, Gonzalo",
    title = "{$ T\overline{T} $ and EE, with implications for (A)dS subregion encodings}",
    eprint = "1909.13808",
    archivePrefix = "arXiv",
    primaryClass = "hep-th",
    reportNumber = "CALT-TH-2019--031",
    doi = "10.1007/JHEP04(2020)152",
    journal = "JHEP",
    volume = "04",
    pages = "152",
    year = "2020"
}

@article{Apolo:2020bld,
    author = "Apolo, Luis and Jiang, Hongliang and Song, Wei and Zhong, Yuan",
    title = "{Swing surfaces and holographic entanglement beyond AdS/CFT}",
    eprint = "2006.10740",
    archivePrefix = "arXiv",
    primaryClass = "hep-th",
    doi = "10.1007/JHEP12(2020)064",
    journal = "JHEP",
    volume = "12",
    pages = "064",
    year = "2020"
}

@article{Apolo:2020qjm,
    author = "Apolo, Luis and Jiang, Hongliang and Song, Wei and Zhong, Yuan",
    title = "{Modular Hamiltonians in flat holography and (W)AdS/WCFT}",
    eprint = "2006.10741",
    archivePrefix = "arXiv",
    primaryClass = "hep-th",
    doi = "10.1007/JHEP09(2020)033",
    journal = "JHEP",
    volume = "09",
    pages = "033",
    year = "2020"
}

@article{Jahn:2021uqr,
    author = "Jahn, Alexander and Eisert, Jens",
    title = "{Holographic tensor network models and quantum error correction: A topical review}",
    eprint = "2102.02619",
    archivePrefix = "arXiv",
    primaryClass = "quant-ph",
    month = "2",
    year = "2021"
}

@article{May:2016dgv,
    author = "May, Alex",
    title = "{Tensor networks for dynamic spacetimes}",
    eprint = "1611.06220",
    archivePrefix = "arXiv",
    primaryClass = "hep-th",
    doi = "10.1007/JHEP06(2017)118",
    journal = "JHEP",
    volume = "06",
    pages = "118",
    year = "2017"
}

@article{McGough:2016lol,
    author = "McGough, Lauren and Mezei, M\'ark and Verlinde, Herman",
    title = "{Moving the CFT into the bulk with $ T\overline{T} $}",
    eprint = "1611.03470",
    archivePrefix = "arXiv",
    primaryClass = "hep-th",
    doi = "10.1007/JHEP04(2018)010",
    journal = "JHEP",
    volume = "04",
    pages = "010",
    year = "2018"
}

@article{Smirnov:2016lqw,
    author = "Smirnov, F. A. and Zamolodchikov, A. B.",
    title = "{On space of integrable quantum field theories}",
    eprint = "1608.05499",
    archivePrefix = "arXiv",
    primaryClass = "hep-th",
    doi = "10.1016/j.nuclphysb.2016.12.014",
    journal = "Nucl. Phys. B",
    volume = "915",
    pages = "363--383",
    year = "2017"
}

@article{Apolo:2019zai,
    author = "Apolo, Luis and Detournay, Stephane and Song, Wei",
    title = "{TsT, $T\bar{T}$ and black strings}",
    eprint = "1911.12359",
    archivePrefix = "arXiv",
    primaryClass = "hep-th",
    doi = "10.1007/JHEP06(2020)109",
    journal = "JHEP",
    volume = "06",
    pages = "109",
    year = "2020"
}
