@article{Cordes:1994fc,
  author        = {Cordes, Stefan and Moore, Gregory W. and Ramgoolam, Sanjaye},
  title         = {{Lectures on 2-d Yang-Mills theory, equivariant cohomology and topological field theories}},
  eprint        = {hep-th/9411210},
  archiveprefix = {arXiv},
  reportnumber  = {YCTP-P11-94},
  doi           = {10.1016/0920-5632(95)00434-B},
  journal       = {Nucl. Phys. B Proc. Suppl.},
  volume        = {41},
  pages         = {184--244},
  year          = {1995}
}

@article{Witten:1991we,
  author  = {Witten, Edward},
  title   = {{On quantum gauge theories in two-dimensions}},
  doi     = {10.1007/BF02100009},
  journal = {Commun. Math. Phys.},
  volume  = {141},
  pages   = {153--209},
  year    = {1991}
}

@article{Gross:1992tu,
  author        = {Gross, David J.},
  title         = {{Two-dimensional QCD as a string theory}},
  eprint        = {hep-th/9212149},
  archiveprefix = {arXiv},
  reportnumber  = {PUPT-1356},
  doi           = {10.1016/0550-3213(93)90402-B},
  journal       = {Nucl. Phys. B},
  volume        = {400},
  pages         = {161--180},
  year          = {1993}
}

@article{Gross:1993hu,
  author        = {Gross, David J. and Taylor, Washington},
  title         = {{Two-dimensional QCD is a string theory}},
  eprint        = {hep-th/9301068},
  archiveprefix = {arXiv},
  reportnumber  = {LBL-33458, PUPT-1376, UCB-PTH-93-02},
  doi           = {10.1016/0550-3213(93)90403-C},
  journal       = {Nucl. Phys. B},
  volume        = {400},
  pages         = {181--208},
  year          = {1993}
}

@article{Gross:1993yt,
  author        = {Gross, David J. and Taylor, Washington},
  title         = {{Twists and Wilson loops in the string theory of two-dimensional QCD}},
  eprint        = {hep-th/9303046},
  archiveprefix = {arXiv},
  reportnumber  = {CERN-TH-6827-93, PUPT-1382, LBL-33767, UCB-PTH-93-09},
  doi           = {10.1016/0550-3213(93)90042-N},
  journal       = {Nucl. Phys. B},
  volume        = {403},
  pages         = {395--452},
  year          = {1993}
}

@article{Birmingham:1991ty,
  author       = {Birmingham, Danny and Blau, Matthias and Rakowski, Mark and Thompson, George},
  title        = {{Topological field theory}},
  reportnumber = {CERN-TH-6045-91},
  doi          = {10.1016/0370-1573(91)90117-5},
  journal      = {Phys. Rept.},
  volume       = {209},
  pages        = {129--340},
  year         = {1991}
}

@article{michiels2013moduli,
  title   = {Moduli spaces of flat connections},
  author  = {Michiels, Daan},
  journal = {KU Leuven Thesis},
  year    = {2013},
  url     = {https://faculty.math.illinois.edu/~michiel2/docs/thesis.pdf}
}

@book{Hatfield:234595,
  author    = {Hatfield, Brian},
  title     = {{Quantum field theory of point particles and strings}},
  publisher = {Addison-Wesley},
  address   = {Redwood City, CA},
  series    = {Frontiers in Physics},
  year      = {1992},
  url       = {https://cds.cern.ch/record/234595}
}

@book{Polchinski:1998rq,
  author    = {Polchinski, J.},
  title     = {{String theory. Vol. 1: An introduction to the bosonic string}},
  doi       = {10.1017/CBO9780511816079},
  isbn      = {978-0-511-25227-3, 978-0-521-67227-6, 978-0-521-63303-1},
  publisher = {Cambridge University Press},
  series    = {Cambridge Monographs on Mathematical Physics},
  month     = {12},
  year      = {2007}
}

@article{Minahan:1993np,
  author        = {Minahan, Joseph A. and Polychronakos, Alexios P.},
  title         = {{Equivalence of two-dimensional QCD and the C = 1 matrix model}},
  eprint        = {hep-th/9303153},
  archiveprefix = {arXiv},
  reportnumber  = {CERN-TH-6843-93, UVA-HET-93-02},
  doi           = {10.1016/0370-2693(93)90504-B},
  journal       = {Phys. Lett. B},
  volume        = {312},
  pages         = {155--165},
  year          = {1993}
}

@inbook{Segal1988,
  author    = {Segal, G. B.},
  editor    = {Bleuler, K.
and Werner, M.},
  title     = {The Definition of Conformal Field Theory},
  booktitle = {Differential Geometrical Methods in Theoretical Physics},
  year      = {1988},
  publisher = {Springer Netherlands},
  address   = {Dordrecht},
  pages     = {165--171},
  abstract  = {I shall propose a definition of 2-dimensional conformal field theory which I believe is equivalent to that used by physicists.},
  isbn      = {978-94-015-7809-7},
  doi       = {10.1007/978-94-015-7809-7_9},
  url       = {https://doi.org/10.1007/978-94-015-7809-7_9}
}

@article{Atiyah1988,
  author    = {Atiyah, Michael F.},
  title     = {Topological quantum field theory},
  journal   = {Publications Math\'ematiques de l'IH\'ES},
  pages     = {175--186},
  publisher = {Institut des Hautes \'Etudes Scientifiques},
  volume    = {68},
  year      = {1988},
  zbl       = {0692.53053},
  mrnumber  = {90e:57059},
  language  = {en},
  url       = {www.numdam.org/item/PMIHES_1988__68__175_0/}
}

@article{Witten:1990bs,
  author       = {Witten, Edward},
  title        = {{Introduction to cohomological field theories}},
  reportnumber = {IASSNS-HEP-90-57},
  doi          = {10.1142/S0217751X91001350},
  journal      = {Int. J. Mod. Phys. A},
  volume       = {6},
  pages        = {2775--2792},
  year         = {1991}
}

@article{Horne:1988yn,
  author       = {Horne, James H.},
  title        = {{Superspace Versions of Topological Theories}},
  reportnumber = {PUPT-1096},
  doi          = {10.1016/0550-3213(89)90046-1},
  journal      = {Nucl. Phys. B},
  volume       = {318},
  pages        = {22--52},
  year         = {1989}
}

@book{Polchinski:1998rr,
  author    = {Polchinski, J.},
  title     = {{String theory. Vol. 2: Superstring theory and beyond}},
  doi       = {10.1017/CBO9780511618123},
  isbn      = {978-0-511-25228-0, 978-0-521-63304-8, 978-0-521-67228-3},
  publisher = {Cambridge University Press},
  series    = {Cambridge Monographs on Mathematical Physics},
  month     = {12},
  year      = {2007}
}

@article{Witten:1991zz,
  author        = {Witten, Edward},
  editor        = {Yau, Shing-Tung},
  title         = {{Mirror manifolds and topological field theory}},
  eprint        = {hep-th/9112056},
  archiveprefix = {arXiv},
  reportnumber  = {IASSNS-HEP-91-83},
  journal       = {AMS/IP Stud. Adv. Math.},
  volume        = {9},
  pages         = {121--160},
  year          = {1998}
}

@unpublished{MauricioStuff,
  author = {Romo, Mauricio},
  title  = {B-branes and related stuff},
  note   = {Unpublished, preliminary course notes from Spring 2020 at Yau Mathematical Sciences Center, Tsinghua University}
}

@article{Witten:1992xu,
  author        = {Witten, Edward},
  title         = {{Two-dimensional gauge theories revisited}},
  eprint        = {hep-th/9204083},
  archiveprefix = {arXiv},
  doi           = {10.1016/0393-0440(92)90034-X},
  journal       = {J. Geom. Phys.},
  volume        = {9},
  pages         = {303--368},
  year          = {1992}
}

@article{Pestun:2016zxk,
  author        = {Pestun, Vasily and others},
  title         = {{Localization techniques in quantum field theories}},
  eprint        = {1608.02952},
  archiveprefix = {arXiv},
  primaryclass  = {hep-th},
  doi           = {10.1088/1751-8121/aa63c1},
  journal       = {J. Phys. A},
  volume        = {50},
  number        = {44},
  pages         = {440301},
  year          = {2017}
}
