@article{Barnich:2001jy,
      author         = "Barnich, Glenn and Brandt, Friedemann",
      title          = "{Covariant theory of asymptotic symmetries, conservation
                        laws and central charges}",
      journal        = "Nucl. Phys.",
      volume         = "B633",
      year           = "2002",
      pages          = "3-82",
      doi            = "10.1016/S0550-3213(02)00251-1",
      eprint         = "hep-th/0111246",
      archivePrefix  = "arXiv",
      primaryClass   = "hep-th",
      reportNumber   = "ULB-TH-01-19, MPI-MIS-94-2001",
      SLACcitation   = "%%CITATION = HEP-TH/0111246;%%"
}



%%% contains utf-8, see: https://old.inspirehep.net/info/faq/general#utf8
%%% add \usepackage[utf8]{inputenc} to your latex preamble

@article{Compere:2015knw,
      author         = "Compère, G. and Mao, Pujian and Seraj, A. and
                        Sheikh-Jabbari, M. M.",
      title          = "{Symplectic and Killing symmetries of AdS$_{3}$ gravity:
                        holographic vs boundary gravitons}",
      journal        = "JHEP",
      volume         = "01",
      year           = "2016",
      pages          = "080",
      doi            = "10.1007/JHEP01(2016)080",
      eprint         = "1511.06079",
      archivePrefix  = "arXiv",
      primaryClass   = "hep-th",
      reportNumber   = "IPM-P-2015-072",
      SLACcitation   = "%%CITATION = ARXIV:1511.06079;%%"
}


@article{Brown:1994gs,
      author         = "Brown, J. David and Creighton, J. and Mann, Robert B.",
      title          = "{Temperature, energy and heat capacity of asymptotically
                        anti-de Sitter black holes}",
      journal        = "Phys. Rev.",
      volume         = "D50",
      year           = "1994",
      pages          = "6394-6403",
      doi            = "10.1103/PhysRevD.50.6394",
      eprint         = "gr-qc/9405007",
      archivePrefix  = "arXiv",
      primaryClass   = "gr-qc",
      reportNumber   = "WATPHYS-TH-94-02, CTMP-006-NCSU",
      SLACcitation   = "%%CITATION = GR-QC/9405007;%%"
}


@article{Banados:1992wn,
      author         = "Banados, Maximo and Teitelboim, Claudio and Zanelli,
                        Jorge",
      title          = "{The Black hole in three-dimensional space-time}",
      journal        = "Phys. Rev. Lett.",
      volume         = "69",
      year           = "1992",
      pages          = "1849-1851",
      doi            = "10.1103/PhysRevLett.69.1849",
      eprint         = "hep-th/9204099",
      archivePrefix  = "arXiv",
      primaryClass   = "hep-th",
      reportNumber   = "PRINT-92-0151 (CHILE), IASSNS-HEP-92-29",
      SLACcitation   = "%%CITATION = HEP-TH/9204099;%%"
}


@book{Misner:1974qy,
      author         = "Misner, Charles W. and Thorne, K. S. and Wheeler, J. A.",
      title          = "{Gravitation}",
      publisher      = "W. H. Freeman",
      address        = "San Francisco",
      year           = "1973",
      journal        = "San Francisco 1973, 1279p",
      ISBN           = "9780716703440, 9780691177793",
      SLACcitation   = "%%CITATION = INSPIRE-95654;%%"
}



%%% contains utf-8, see: https://old.inspirehep.net/info/faq/general#utf8
%%% add \usepackage[utf8]{inputenc} to your latex preamble

@article{McGough:2016lol,
      author         = "McGough, Lauren and Mezei, Márk and Verlinde, Herman",
      title          = "{Moving the CFT into the bulk with $ T\overline{T} $}",
      journal        = "JHEP",
      volume         = "04",
      year           = "2018",
      pages          = "010",
      doi            = "10.1007/JHEP04(2018)010",
      eprint         = "1611.03470",
      archivePrefix  = "arXiv",
      primaryClass   = "hep-th",
      SLACcitation   = "%%CITATION = ARXIV:1611.03470;%%"
}


@article{Lewkowycz:2019xse,
      author         = "Lewkowycz, Aitor and Liu, Junyu and Silverstein, Eva and
                        Torroba, Gonzalo",
      title          = "{$ T\overline{T} $ and EE, with implications for (A)dS
                        subregion encodings}",
      journal        = "JHEP",
      volume         = "04",
      year           = "2020",
      pages          = "152",
      doi            = "10.1007/JHEP04(2020)152",
      eprint         = "1909.13808",
      archivePrefix  = "arXiv",
      primaryClass   = "hep-th",
      reportNumber   = "CALT-TH-2019--031",
      SLACcitation   = "%%CITATION = ARXIV:1909.13808;%%"
}



%%% contains utf-8, see: https://old.inspirehep.net/info/faq/general#utf8
%%% add \usepackage[utf8]{inputenc} to your latex preamble

@article{Giribet:2013yka,
      author         = "Garbarz, Alan and Giribet, Gaston and Goya, Andrés and
                        Leston, Mauricio",
      title          = "{Quasilocal energy for three-dimensional massive gravity
                        solutions with chiral deformations of $AdS_3$ boundary
                        conditions}",
      journal        = "Gen. Rel. Grav.",
      volume         = "46",
      year           = "2014",
      pages          = "1735",
      doi            = "10.1007/s10714-014-1735-x",
      eprint         = "1307.4791",
      archivePrefix  = "arXiv",
      primaryClass   = "hep-th",
      SLACcitation   = "%%CITATION = ARXIV:1307.4791;%%"
}



@article{Harlow:2019yfa,
    author = "Harlow, Daniel and Wu, Jie-Qiang",
    title = "{Covariant phase space with boundaries}",
    eprint = "1906.08616",
    archivePrefix = "arXiv",
    primaryClass = "hep-th",
    month = "6",
    year = "2019"
}

@inproceedings{Spradlin:2001pw,
    author = "Spradlin, Marcus and Strominger, Andrew and Volovich, Anastasia",
    title = "{Les Houches lectures on de Sitter space}",
    booktitle = "{Les Houches Summer School: Session 76: Euro Summer School on Unity of Fundamental Physics: Gravity, Gauge Theory and Strings}",
    eprint = "hep-th/0110007",
    archivePrefix = "arXiv",
    pages = "423--453",
    month = "10",
    year = "2001"
}

@article{Compere:2018aar,
    author = "Compère, Geoffrey and Fiorucci, Adrien",
    title = "{Advanced Lectures on General Relativity}",
    eprint = "1801.07064",
    archivePrefix = "arXiv",
    primaryClass = "hep-th",
    month = "1",
    year = "2018"
}

@article{Gorbenko:2018oov,
    author = "Gorbenko, Victor and Silverstein, Eva and Torroba, Gonzalo",
    title = "{dS/dS and $ T\overline{T} $}",
    eprint = "1811.07965",
    archivePrefix = "arXiv",
    primaryClass = "hep-th",
    doi = "10.1007/JHEP03(2019)085",
    journal = "JHEP",
    volume = "03",
    pages = "085",
    year = "2019"
}

@article{Crnkovic:1986ex,
    author = "Crnkovic, Cedomir and Witten, Edward",
    title = "{Covariant description of canonical formalism in geometrical theories}",
    reportNumber = "Print-86-1309 (PRINCETON)",
    month = "9",
    year = "1986"
}

@book{Polchinski:1998rq,
    author = "Polchinski, J.",
    title = "{String theory. Vol. 1: An introduction to the bosonic string}",
    doi = "10.1017/CBO9780511816079",
    isbn = "978-0-511-25227-3, 978-0-521-67227-6, 978-0-521-63303-1",
    publisher = "Cambridge University Press",
    series = "Cambridge Monographs on Mathematical Physics",
    year = "1998"
}

@article{Banados:2016zim,
    author = "Ba\~nados, M\'aximo and Reyes, Ignacio A.",
    title = "{A short review on Noether\textquoteright{}s theorems, gauge symmetries and boundary terms}",
    eprint = "1601.03616",
    archivePrefix = "arXiv",
    primaryClass = "hep-th",
    doi = "10.1142/S0218271816300214",
    journal = "Int. J. Mod. Phys. D",
    volume = "25",
    number = "10",
    pages = "1630021",
    year = "2016"
}

@book{wybourne1993classical,
  title={Classical Groups for Physicists},
  author={Wybourne, B.G.},
  isbn={9780317556346},
  lccn={73017363},
  year={1993},
  publisher={UMI Books on Demand}
}

@misc{GroupThe79:online,
	author = {},
	title = {Group Theory Module - AY 2005/2006},
	howpublished = {\url{http://personalpages.to.infn.it/~billo/didatt/gruppi/gruppi.html}},
}

@article{Headrick:2008ke,
    author = "Headrick, Matthew",
    title = "{A solution manual for Polchinski's 'String Theory'}",
    eprint = "0812.4408",
    archivePrefix = "arXiv",
    primaryClass = "hep-th",
    reportNumber = "BRX-TH-604",
    month = "12",
    year = "2008"
}

@article{Harlow:2018tqv,
    author = "Harlow, Daniel and Jafferis, Daniel",
    title = "{The Factorization Problem in Jackiw-Teitelboim Gravity}",
    eprint = "1804.01081",
    archivePrefix = "arXiv",
    primaryClass = "hep-th",
    doi = "10.1007/JHEP02(2020)177",
    journal = "JHEP",
    volume = "02",
    pages = "177",
    year = "2020"
}
