@article{Maldacena:1997re,
    author = "Maldacena, Juan Martin",
    title = "{The Large N limit of superconformal field theories and supergravity}",
    eprint = "hep-th/9711200",
    archivePrefix = "arXiv",
    reportNumber = "HUTP-97-A097, HUTP-98-A097",
    doi = "10.1023/A:1026654312961",
    journal = "Adv. Theor. Math. Phys.",
    volume = "2",
    pages = "231--252",
    year = "1998"
}

@article{Friedmann:1924bb,
    author = "Friedmann, A.",
    title = "{On the Possibility of a world with constant negative curvature of space}",
    doi = "10.1007/BF01328280",
    journal = "Z. Phys.",
    volume = "21",
    pages = "326--332",
    year = "1924"
}

@article{Lemaitre:1933gd,
    author = "Lemaitre, G.",
    title = "{The expanding universe}",
    doi = "10.1023/A:1018855621348",
    journal = "Annales Soc. Sci. Bruxelles A",
    volume = "53",
    pages = "51--85",
    year = "1933"
}

@article{Robertson:1935zz,
    author = "Robertson, H. P.",
    title = "{Kinematics and World-Structure}",
    doi = "10.1086/143681",
    journal = "Astrophys. J.",
    volume = "82",
    pages = "284--301",
    year = "1935"
}

@ARTICLE{Walker:1937,
       author = {{Walker}, A.~G.},
        title = "{On Milne's Theory of World-Structure}",
      journal = {Proceedings of the London Mathematical Society},
         year = 1937,
        month = jan,
       volume = {42},
        pages = {90-127},
          doi = {10.1112/plms/s2-42.1.90},
       adsurl = {https://ui.adsabs.harvard.edu/abs/1937PLMS...42...90W},
      adsnote = {Provided by the SAO/NASA Astrophysics Data System}
}

@article{Strominger:1996sh,
    author = "Strominger, Andrew and Vafa, Cumrun",
    title = "{Microscopic origin of the Bekenstein-Hawking entropy}",
    eprint = "hep-th/9601029",
    archivePrefix = "arXiv",
    reportNumber = "HUTP-96-A002, RU-96-01",
    doi = "10.1016/0370-2693(96)00345-0",
    journal = "Phys. Lett. B",
    volume = "379",
    pages = "99--104",
    year = "1996"
}

@article{David:2002wn,
    author = "David, Justin R. and Mandal, Gautam and Wadia, Spenta R.",
    title = "{Microscopic formulation of black holes in string theory}",
    eprint = "hep-th/0203048",
    archivePrefix = "arXiv",
    reportNumber = "TIFR-TH-02-07",
    doi = "10.1016/S0370-1573(02)00271-5",
    journal = "Phys. Rept.",
    volume = "369",
    pages = "549--686",
    year = "2002"
}

@book{Kiritsis:1997hj,
    author = "Kiritsis, Elias",
    title = "{Introduction to superstring theory}",
    eprint = "hep-th/9709062",
    archivePrefix = "arXiv",
    reportNumber = "CERN-TH-97-218",
    isbn = "978-90-6186-894-1",
    publisher = "Leuven U. Press",
    address = "Leuven",
    series = "Leuven notes in mathematical and theoretical physics",
    volume = "B9",
    year = "1998"
}