@article{Witten:1981mf,
      author         = "Witten, Edward",
      title          = "{A Simple Proof of the Positive Energy Theorem}",
      journal        = "Commun. Math. Phys.",
      volume         = "80",
      year           = "1981",
      pages          = "381",
      doi            = "10.1007/BF01208277",
      reportNumber   = "Print-81-0057 (PRINCETON)",
      SLACcitation   = "%%CITATION = CMPHA,80,381;%%"
}

@article{Parker:1981uy,
      author         = "Parker, Thomas and Taubes, Clifford Henry",
      title          = "{On Witten's Proof of the Positive Energy Theorem}",
      journal        = "Commun. Math. Phys.",
      volume         = "84",
      year           = "1982",
      pages          = "223",
      doi            = "10.1007/BF01208569",
      reportNumber   = "HUTMP B-108",
      SLACcitation   = "%%CITATION = CMPHA,84,223;%%"
}

@article{Schon:1979rg,
      author         = "Schon, R. and Yau, Shing-Tung",
      title          = "{On the Proof of the positive mass conjecture in general
                        relativity}",
      journal        = "Commun. Math. Phys.",
      volume         = "65",
      year           = "1979",
      pages          = "45-76",
      doi            = "10.1007/BF01940959",
      SLACcitation   = "%%CITATION = CMPHA,65,45;%%"
}

@book{Straumann:2013spu,
      author         = "Straumann, Norbert",
      title          = "{General Relativity}",
      publisher      = "Springer",
      address        = "Dordrecht",
      year           = "2013",
      series         = "Graduate Texts in Physics",
      doi            = "10.1007/978-94-007-5410-2",
      SLACcitation   = "%%CITATION = INSPIRE-1686142;%%"
}

@book{Weinberg:1995mt,
      author         = "Weinberg, Steven",
      title          = "{The Quantum theory of fields. Vol. 1: Foundations}",
      publisher      = "Cambridge University Press",
      year           = "2005",
      ISBN           = "9780521670531, 9780511252044",
      SLACcitation   = "%%CITATION = INSPIRE-406190;%%"
}

@inproceedings{Bekaert:2006py,
      author         = "Bekaert, Xavier and Boulanger, Nicolas",
      title          = "{The Unitary representations of the Poincare group in any
                        spacetime dimension}",
      booktitle      = "{2nd Modave Summer School in Theoretical Physics Modave,
                        Belgium, August 6-12, 2006}",
      year           = "2006",
      eprint         = "hep-th/0611263",
      archivePrefix  = "arXiv",
      primaryClass   = "hep-th",
      SLACcitation   = "%%CITATION = HEP-TH/0611263;%%"
}

@article{schur1911darstellung,
  title={{\"U}ber die Darstellung der symmetrischen und der alternierenden Gruppe durch gebrochene lineare Substitutionen.},
  author={Schur, J},
  journal={Journal f{\"u}r die reine und angewandte Mathematik},
  volume={139},
  pages={155--250},
  year={1911}
}

@article{Schottenloher:2008zz,
      author         = "Schottenloher, Martin",
      title          = "{A mathematical introduction to conformal field theory}",
      journal        = "Lect. Notes Phys.",
      volume         = "759",
      year           = "2008",
      pages          = "1-237",
      doi            = "10.1007/978-3-540-68628-6",
      SLACcitation   = "%%CITATION = LNPHA,759,1;%%"
}

@article{Bargmann:1954gh,
      author         = "Bargmann, V.",
      title          = "{On Unitary ray representations of continuous groups}",
      journal        = "Annals Math.",
      volume         = "59",
      year           = "1954",
      pages          = "1-46",
      doi            = "10.2307/1969831",
      SLACcitation   = "%%CITATION = ANMAA,59,1;%%"
}

@article{Wilczek:1982wy,
      author         = "Wilczek, Frank",
      title          = "{Quantum Mechanics of Fractional Spin Particles}",
      journal        = "Phys. Rev. Lett.",
      volume         = "49",
      year           = "1982",
      pages          = "957-959",
      doi            = "10.1103/PhysRevLett.49.957",
      reportNumber   = "NSF-ITP-82-56",
      SLACcitation   = "%%CITATION = PRLTA,49,957;%%"
}

@book{tung1985group,
  title={Group theory in physics: an introduction to symmetry principles, group representations, and special functions in classical and quantum physics},
  author={Tung, Wu-Ki},
  year={1985},
  publisher={World Scientific Publishing Company}
}

@article{Steane:2013wra,
      author         = "Steane, Andrew M.",
      title          = "{An introduction to spinors}",
      year           = "2013",
      eprint         = "1312.3824",
      archivePrefix  = "arXiv",
      primaryClass   = "math-ph",
      SLACcitation   = "%%CITATION = ARXIV:1312.3824;%%"
}

@book{lee2012introduction,
  title={Introduction to Smooth Manifolds},
  author={Lee, J.},
  isbn={9781441999825},
  lccn={2012945172},
  series={Graduate Texts in Mathematics},
  url={https://link.springer.com/book/10.1007/978-1-4419-9982-5},
  year={2012},
  publisher={Springer New York}
}

@book{jost2011riemannian,
  title={Riemannian Geometry and Geometric Analysis},
  author={Jost, J.},
  isbn={9783642212987},
  lccn={2011932682},
  series={Universitext},
  url={https://link.springer.com/book/10.1007/978-3-642-21298-7},
  year={2011},
  publisher={Springer Berlin Heidelberg}
}

@article{Zhang:2015iua,
      author         = "Zhang, Xiao",
      title          = "{Recent progress on the positive energy theorem}",
      booktitle      = "{Int. J. Mod. Phys. A, 30, 1545018 (2015)}",
      journal        = "Int. J. Mod. Phys.",
      volume         = "A30",
      year           = "2015",
      number         = "28n29",
      pages          = "1545018",
      doi            = "10.1142/S0217751X15450189",
      eprint         = "1508.04230",
      archivePrefix  = "arXiv",
      primaryClass   = "math.DG",
      SLACcitation   = "%%CITATION = ARXIV:1508.04230;%%"
}

@book{Wald:1984rg,
      author         = "Wald, Robert M.",
      title          = "{General Relativity}",
      publisher      = "Chicago Univ. Pr.",
      address        = "Chicago, USA",
      year           = "1984",
      doi            = "10.7208/chicago/9780226870373.001.0001",
      SLACcitation   = "%%CITATION = INSPIRE-209356;%%"
}

@article{Curiel:2014zba,
      author         = "Curiel, Erik",
      title          = "{A Primer on Energy Conditions}",
      journal        = "Einstein Stud.",
      volume         = "13",
      year           = "2017",
      pages          = "43-104",
      doi            = "10.1007/978-1-4939-3210-8_3",
      eprint         = "1405.0403",
      archivePrefix  = "arXiv",
      primaryClass   = "physics.hist-ph",
      SLACcitation   = "%%CITATION = ARXIV:1405.0403;%%",
      url={http://strangebeautiful.com/papers/curiel-primer-energy-conds.pdf}
}

@article{Arnowitt:1962hi,
      author         = "Arnowitt, Richard L. and Deser, Stanley and Misner,
                        Charles W.",
      title          = "{The Dynamics of general relativity}",
      journal        = "Gen. Rel. Grav.",
      volume         = "40",
      year           = "2008",
      pages          = "1997-2027",
      doi            = "10.1007/s10714-008-0661-1",
      eprint         = "gr-qc/0405109",
      archivePrefix  = "arXiv",
      primaryClass   = "gr-qc",
      SLACcitation   = "%%CITATION = GR-QC/0405109;%%"
}

@article{Banados:2016zim,
      author         = "Bañados, Máximo and Reyes, Ignacio A.",
      title          = "{A short review on Noether’s theorems, gauge symmetries
                        and boundary terms}",
      journal        = "Int. J. Mod. Phys.",
      volume         = "D25",
      year           = "2016",
      number         = "10",
      pages          = "1630021",
      doi            = "10.1142/S0218271816300214",
      eprint         = "1601.03616",
      archivePrefix  = "arXiv",
      primaryClass   = "hep-th",
      SLACcitation   = "%%CITATION = ARXIV:1601.03616;%%"
}

@article{crnkovic1987covariant,
  title={Covariant description of canonical formalism in geometrical theories.},
  author={Crnkovic, Cedomir and Witten, Edward},
  journal={Three hundred years of gravitation},
  pages={676--684},
  year={1987}
}

@article{Harlow:2019yfa,
      author         = "Harlow, Daniel and Wu, Jie-Qiang",
      title          = "{Covariant phase space with boundaries}",
      year           = "2019",
      eprint         = "1906.08616",
      archivePrefix  = "arXiv",
      primaryClass   = "hep-th",
      SLACcitation   = "%%CITATION = ARXIV:1906.08616;%%"
}

@article{Iyer:1994ys,
      author         = "Iyer, Vivek and Wald, Robert M.",
      title          = "{Some properties of Noether charge and a proposal for
                        dynamical black hole entropy}",
      journal        = "Phys. Rev.",
      volume         = "D50",
      year           = "1994",
      pages          = "846-864",
      doi            = "10.1103/PhysRevD.50.846",
      eprint         = "gr-qc/9403028",
      archivePrefix  = "arXiv",
      primaryClass   = "gr-qc",
      SLACcitation   = "%%CITATION = GR-QC/9403028;%%"
}

@article{Wernli:2019hpf,
      author         = "Wernli, Konstantin",
      title          = "{Lecture Notes on Spin Geometry}",
      year           = "2019",
      eprint         = "1911.09766",
      archivePrefix  = "arXiv",
      primaryClass   = "math.DG",
      SLACcitation   = "%%CITATION = ARXIV:1911.09766;%%"
}

@article{figueroa2010spin,
  title={Spin geometry},
  author={Figueroa-O’Farrill, Jos{\'e}},
  url={https://empg.maths.ed.ac.uk/Activities/Spin/}
}

@article{AlvarezGaume:1986es,
      author         = "Alvarez-Gaume, Luis and Moore, Gregory W. and Vafa,
                        Cumrun",
      title          = "{Theta Functions, Modular Invariance and Strings}",
      journal        = "Commun. Math. Phys.",
      volume         = "106",
      year           = "1986",
      pages          = "1-40",
      doi            = "10.1007/BF01210925",
      reportNumber   = "HUTP-86-A017",
      SLACcitation   = "%%CITATION = CMPHA,106,1;%%"
}

@book{lawson2016spin,
  title={Spin geometry},
  author={Lawson, H Blaine and Michelsohn, Marie-Louise},
  volume={38},
  year={2016},
  publisher={Princeton university press}
}

@book{bourguignon2015spinorial,
  title={A Spinorial Approach to Riemannian and Conformal Geometry},
  author={Bourguignon, Jean-Pierre and Hijazi, Oussama and Milhorat, Jean-Louis and Moroianu, Andrei and Moroianu, Sergiu},
  year={2015}
}

@book{Nakahara:2003nw,
      author         = "Nakahara, M.",
      title          = "{Geometry, topology and physics}",
      journal        = "Boca Raton, USA: Taylor & Francis (2003) 573 p",
      year           = "2003",
      SLACcitation   = "%%CITATION = INSPIRE-640779;%%"
}

@book{dirac1981principles,
  title={The principles of quantum mechanics},
  author={Dirac, Paul Adrien Maurice},
  number={27},
  year={1981},
  publisher={Oxford university press}
}