@article{Maldacena:1997re,
    author = "Maldacena, Juan Martin",
    title = "{The Large N limit of superconformal field theories and supergravity}",
    eprint = "hep-th/9711200",
    archivePrefix = "arXiv",
    reportNumber = "HUTP-97-A097, HUTP-98-A097",
    doi = "10.1023/A:1026654312961",
    journal = "Adv. Theor. Math. Phys.",
    volume = "2",
    pages = "231--252",
    year = "1998"
}

@article{Baggio:2018rpv,
    author = "Baggio, Marco and Sfondrini, Alessandro and Tartaglino-Mazzucchelli, Gabriele and Walsh, Harriet",
    title = "{On $ T\overline{T} $ deformations and supersymmetry}",
    eprint = "1811.00533",
    archivePrefix = "arXiv",
    primaryClass = "hep-th",
    doi = "10.1007/JHEP06(2019)063",
    journal = "JHEP",
    volume = "06",
    pages = "063",
    year = "2019"
}

@article{Jiang:2019hux,
    author = "Jiang, Hongliang and Sfondrini, Alessandro and Tartaglino-Mazzucchelli, Gabriele",
    title = "{$T\bar{T}$ deformations with $\mathcal{N}=(0,2)$ supersymmetry}",
    eprint = "1904.04760",
    archivePrefix = "arXiv",
    primaryClass = "hep-th",
    doi = "10.1103/PhysRevD.100.046017",
    journal = "Phys. Rev. D",
    volume = "100",
    number = "4",
    pages = "046017",
    year = "2019"
}

@article{Apolo:2012gg,
    author = "Apolo, Luis and Porrati, Massimo",
    title = "{On AdS/CFT without Massless Gravitons}",
    eprint = "1205.4956",
    archivePrefix = "arXiv",
    primaryClass = "hep-th",
    doi = "10.1016/j.physletb.2012.07.001",
    journal = "Phys. Lett. B",
    volume = "714",
    pages = "309--311",
    year = "2012"
}

@article{Kiritsis:2006hy,
    author = "Kiritsis, Elias",
    title = "{Product CFTs, gravitational cloning, massive gravitons and the space of gravitational duals}",
    eprint = "hep-th/0608088",
    archivePrefix = "arXiv",
    reportNumber = "CPHT-RR021-0406",
    doi = "10.1088/1126-6708/2006/11/049",
    journal = "JHEP",
    volume = "11",
    pages = "049",
    year = "2006"
}

@article{Aharony:2006hz,
    author = "Aharony, Ofer and Clark, Adam B. and Karch, Andreas",
    title = "{The CFT/AdS correspondence, massive gravitons and a connectivity index conjecture}",
    eprint = "hep-th/0608089",
    archivePrefix = "arXiv",
    reportNumber = "WIS-09-06-AUG-DPP",
    doi = "10.1103/PhysRevD.74.086006",
    journal = "Phys. Rev. D",
    volume = "74",
    pages = "086006",
    year = "2006"
}


@article{Witten:1998qj,
    author = "Witten, Edward",
    title = "{Anti-de Sitter space and holography}",
    eprint = "hep-th/9802150",
    archivePrefix = "arXiv",
    reportNumber = "IASSNS-HEP-98-15",
    doi = "10.4310/ATMP.1998.v2.n2.a2",
    journal = "Adv. Theor. Math. Phys.",
    volume = "2",
    pages = "253--291",
    year = "1998"
}

@article{Gubser:1998bc,
    author = "Gubser, S. S. and Klebanov, Igor R. and Polyakov, Alexander M.",
    title = "{Gauge theory correlators from noncritical string theory}",
    eprint = "hep-th/9802109",
    archivePrefix = "arXiv",
    reportNumber = "PUPT-1767",
    doi = "10.1016/S0370-2693(98)00377-3",
    journal = "Phys. Lett. B",
    volume = "428",
    pages = "105--114",
    year = "1998"
}

@article{Strominger:1996sh,
    author = "Strominger, Andrew and Vafa, Cumrun",
    title = "{Microscopic origin of the Bekenstein-Hawking entropy}",
    eprint = "hep-th/9601029",
    archivePrefix = "arXiv",
    reportNumber = "HUTP-96-A002, RU-96-01",
    doi = "10.1016/0370-2693(96)00345-0",
    journal = "Phys. Lett. B",
    volume = "379",
    pages = "99--104",
    year = "1996"
}

@article{Hamilton:2006az,
    author = "Hamilton, Alex and Kabat, Daniel N. and Lifschytz, Gilad and Lowe, David A.",
    title = "{Holographic representation of local bulk operators}",
    eprint = "hep-th/0606141",
    archivePrefix = "arXiv",
    reportNumber = "CU-TP-1149",
    doi = "10.1103/PhysRevD.74.066009",
    journal = "Phys. Rev. D",
    volume = "74",
    pages = "066009",
    year = "2006"
}

@article{Almheiri:2014lwa,
    author = "Almheiri, Ahmed and Dong, Xi and Harlow, Daniel",
    title = "{Bulk Locality and Quantum Error Correction in AdS/CFT}",
    eprint = "1411.7041",
    archivePrefix = "arXiv",
    primaryClass = "hep-th",
    reportNumber = "SU-ITP-14-30",
    doi = "10.1007/JHEP04(2015)163",
    journal = "JHEP",
    volume = "04",
    pages = "163",
    year = "2015"
}

@article{Ryu:2006bv,
    author = "Ryu, Shinsei and Takayanagi, Tadashi",
    title = "{Holographic derivation of entanglement entropy from AdS/CFT}",
    eprint = "hep-th/0603001",
    archivePrefix = "arXiv",
    reportNumber = "NSF-KITP-06-11",
    doi = "10.1103/PhysRevLett.96.181602",
    journal = "Phys. Rev. Lett.",
    volume = "96",
    pages = "181602",
    year = "2006"
}

@article{Hubeny:2007xt,
    author = "Hubeny, Veronika E. and Rangamani, Mukund and Takayanagi, Tadashi",
    title = "{A Covariant holographic entanglement entropy proposal}",
    eprint = "0705.0016",
    archivePrefix = "arXiv",
    primaryClass = "hep-th",
    reportNumber = "DCPT-07-13, KUNS-2069",
    doi = "10.1088/1126-6708/2007/07/062",
    journal = "JHEP",
    volume = "07",
    pages = "062",
    year = "2007"
}

@article{Dubovsky:2018bmo,
    author = "Dubovsky, Sergei and Gorbenko, Victor and Hern\'andez-Chifflet, Guzm\'an",
    title = "{$ T\overline{T} $ partition function from topological gravity}",
    eprint = "1805.07386",
    archivePrefix = "arXiv",
    primaryClass = "hep-th",
    doi = "10.1007/JHEP09(2018)158",
    journal = "JHEP",
    volume = "09",
    pages = "158",
    year = "2018"
}

@article{Leigh:1995ep,
    author = "Leigh, Robert G. and Strassler, Matthew J.",
    title = "{Exactly marginal operators and duality in four-dimensional N=1 supersymmetric gauge theory}",
    eprint = "hep-th/9503121",
    archivePrefix = "arXiv",
    reportNumber = "RU-95-2",
    doi = "10.1016/0550-3213(95)00261-P",
    journal = "Nucl. Phys. B",
    volume = "447",
    pages = "95--136",
    year = "1995"
}

@article{Girardello:1998pd,
    author = "Girardello, L. and Petrini, M. and Porrati, M. and Zaffaroni, A.",
    title = "{Novel local CFT and exact results on perturbations of N=4 superYang Mills from AdS dynamics}",
    eprint = "hep-th/9810126",
    archivePrefix = "arXiv",
    reportNumber = "CERN-TH-98-323, IFUM-633-FT, IMPERIAL-TP-98-99-4, NYU-TH-98-10-03",
    doi = "10.1088/1126-6708/1998/12/022",
    journal = "JHEP",
    volume = "12",
    pages = "022",
    year = "1998"
}


@article{Freedman:1999gp,
    author = "Freedman, D. Z. and Gubser, S. S. and Pilch, K. and Warner, N. P.",
    title = "{Renormalization group flows from holography supersymmetry and a c theorem}",
    eprint = "hep-th/9904017",
    archivePrefix = "arXiv",
    reportNumber = "CERN-TH-99-86, HUTP-99-A015, USC-99-1, MIT-CTP-2846",
    doi = "10.4310/ATMP.1999.v3.n2.a7",
    journal = "Adv. Theor. Math. Phys.",
    volume = "3",
    pages = "363--417",
    year = "1999"
}

@article{Bisognano:1975ih,
    author = "Bisognano, J. J and Wichmann, E. H.",
    title = "{On the Duality Condition for a Hermitian Scalar Field}",
    doi = "10.1063/1.522605",
    journal = "J. Math. Phys.",
    volume = "16",
    pages = "985--1007",
    year = "1975"
}
@article{Brennan:2020dkw,
    author = "Brennan, T. Daniel and Ferko, Christian and Martinec, Emil and Sethi, Savdeep",
    title = "{Defining the $T \overline{T}$ Deformation on $\mathrm{AdS}_2$}",
    eprint = "2005.00431",
    archivePrefix = "arXiv",
    primaryClass = "hep-th",
    reportNumber = "EFI--20-7",
    month = "5",
    year = "2020"
}

@article{Apolo:2023aho,
    author = "Apolo, Luis and Song, Wei and Yu, Boyang",
    title = "{On the universal behavior of $T\bar T$-deformed CFTs: single and double-trace partition functions at large $c$}",
    eprint = "2301.04153",
    archivePrefix = "arXiv",
    primaryClass = "hep-th",
    month = "1",
    year = "2023"
}

@article{Hartman:2014oaa,
      author         = "Hartman, Thomas and Keller, Christoph A. and Stoica,
                        Bogdan",
      title          = "{Universal Spectrum of 2d Conformal Field Theory in the
                        Large c Limit}",
      journal        = "JHEP",
      volume         = "09",
      year           = "2014",
      pages          = "118",
      doi            = "10.1007/JHEP09(2014)118",
      eprint         = "1405.5137",
      archivePrefix  = "arXiv",
      primaryClass   = "hep-th",
      reportNumber   = "CALT-68-2889, RUNHETC-2014-07",
      SLACcitation   = "%%CITATION = ARXIV:1405.5137;%%"
}

@article{Benjamin:2023nts,
    author = "Benjamin, Nathan and Collier, Scott and Kruthoff, Jorrit and Verlinde, Herman and Zhang, Mengyang",
    title = "{S-duality in $T\bar{T}$-deformed CFT}",
    eprint = "2302.09677",
    archivePrefix = "arXiv",
    primaryClass = "hep-th",
    reportNumber = "CALT-TH 2022-039, PUPT-2637",
    month = "2",
    year = "2023"
}

@article{Chang:2018dge,
    author = "Chang, Chih-Kai and Ferko, Christian and Sethi, Savdeep",
    title = "{Supersymmetry and $ T\overline{T} $ deformations}",
    eprint = "1811.01895",
    archivePrefix = "arXiv",
    primaryClass = "hep-th",
    reportNumber = "EFI-18-17",
    doi = "10.1007/JHEP04(2019)131",
    journal = "JHEP",
    volume = "04",
    pages = "131",
    year = "2019"
}

@article{Chang:2019kiu,
    author = "Chang, Chih-Kai and Ferko, Christian and Sethi, Savdeep and Sfondrini, Alessandro and Tartaglino-Mazzucchelli, Gabriele",
    title = "{$T\bar{T}$ flows and (2,2) supersymmetry}",
    eprint = "1906.00467",
    archivePrefix = "arXiv",
    primaryClass = "hep-th",
    reportNumber = "EFI-19-5",
    doi = "10.1103/PhysRevD.101.026008",
    journal = "Phys. Rev. D",
    volume = "101",
    number = "2",
    pages = "026008",
    year = "2020"
}

@article{Rosenhaus:2014woa,
    author = "Rosenhaus, Vladimir and Smolkin, Michael",
    title = "{Entanglement Entropy: A Perturbative Calculation}",
    eprint = "1403.3733",
    archivePrefix = "arXiv",
    primaryClass = "hep-th",
    doi = "10.1007/JHEP12(2014)179",
    journal = "JHEP",
    volume = "12",
    pages = "179",
    year = "2014"
}

@article{Rosenhaus:2014zza,
    author = "Rosenhaus, Vladimir and Smolkin, Michael",
    title = "{Entanglement Entropy for Relevant and Geometric Perturbations}",
    eprint = "1410.6530",
    archivePrefix = "arXiv",
    primaryClass = "hep-th",
    doi = "10.1007/JHEP02(2015)015",
    journal = "JHEP",
    volume = "02",
    pages = "015",
    year = "2015"
}

@article{Hung:2011ta,
    author = "Hung, Ling-Yan and Myers, Robert C. and Smolkin, Michael",
    title = "{Some Calculable Contributions to Holographic Entanglement Entropy}",
    eprint = "1105.6055",
    archivePrefix = "arXiv",
    primaryClass = "hep-th",
    doi = "10.1007/JHEP08(2011)039",
    journal = "JHEP",
    volume = "08",
    pages = "039",
    year = "2011"
}

@article{Belin:2020oib,
    author = "Belin, Alexandre and Lewkowycz, Aitor and Sarosi, Gabor",
    title = "{Gravitational path integral from the $T^2$ deformation}",
    eprint = "2006.01835",
    archivePrefix = "arXiv",
    primaryClass = "hep-th",
    reportNumber = "CERN-TH-2020-085",
    doi = "10.1007/JHEP09(2020)156",
    journal = "JHEP",
    volume = "09",
    pages = "156",
    year = "2020"
}

@article{Chakraborty:2019mdf,
    author = "Chakraborty, Soumangsu and Giveon, Amit and Kutasov, David",
    title = "{$T\bar{T}$, $J\bar{T}$, $T\bar{J}$ and String Theory}",
    eprint = "1905.00051",
    archivePrefix = "arXiv",
    primaryClass = "hep-th",
    doi = "10.1088/1751-8121/ab3710",
    journal = "J. Phys. A",
    volume = "52",
    number = "38",
    pages = "384003",
    year = "2019"
}
@article{Callebaut:2019omt,
    author = "Callebaut, Nele and Kruthoff, Jorrit and Verlinde, Herman",
    title = "{$ T\overline{T} $ deformed CFT as a non-critical string}",
    eprint = "1910.13578",
    archivePrefix = "arXiv",
    primaryClass = "hep-th",
    doi = "10.1007/JHEP04(2020)084",
    journal = "JHEP",
    volume = "04",
    pages = "084",
    year = "2020"
}

@article{Taylor:2018xcy,
    author = "Taylor, Marika",
    title = "{TT deformations in general dimensions}",
    eprint = "1805.10287",
    archivePrefix = "arXiv",
    primaryClass = "hep-th",
    month = "5",
    year = "2018"
}

@Misc{Zamolodchikov:2007abc,
    author = "Zamolodchikov, Alexei B. and Zamolodchikov, Alexander B.",
    title = "{Lectures on Liouville Theory and Matrix Models}",
    year = "2007",
    howpublished = "\url{http://qft.itp.ac.ru/ZZ.pdf}"
  }

@article{Maldacena:2016upp,
    author = "Maldacena, Juan and Stanford, Douglas and Yang, Zhenbin",
    title = "{Conformal symmetry and its breaking in two dimensional Nearly Anti-de-Sitter space}",
    eprint = "1606.01857",
    archivePrefix = "arXiv",
    primaryClass = "hep-th",
    doi = "10.1093/ptep/ptw124",
    journal = "PTEP",
    volume = "2016",
    number = "12",
    pages = "12C104",
    year = "2016"
}

@article{Gross:2019ach,
      author         = "Gross, David J. and Kruthoff, Jorrit and Rolph, Andrew
                        and Shaghoulian, Edgar",
      title          = "{$T\overline{T}$ in AdS$_2$ and Quantum Mechanics}",
      year           = "2019",
      eprint         = "1907.04873",
      archivePrefix  = "arXiv",
      primaryClass   = "hep-th",
      SLACcitation   = "%%CITATION = ARXIV:1907.04873;%%"
}

@article{Tolley:2019nmm,
      author         = "Tolley, Andrew J.",
      title          = "{$T \bar T$ Deformations, Massive Gravity and
                        Non-Critical Strings}",
      year           = "2019",
      eprint         = "1911.06142",
      archivePrefix  = "arXiv",
      primaryClass   = "hep-th",
      reportNumber   = "Imperial/TP/2019/AT/01",
      SLACcitation   = "%%CITATION = ARXIV:1911.06142;%%"
}

@article{Li:2020zjb,
    author = "Li, Yi",
    title = "{Comments on large central charge $T\bar{T}$ deformed conformal field theory and cutoff AdS holography}",
    eprint = "2012.14414",
    archivePrefix = "arXiv",
    primaryClass = "hep-th",
    month = "12",
    year = "2020"
}

@article{Shyam:2017znq,
    author = "Shyam, Vasudev",
    title = "{Background independent holographic dual to $T\bar{T}$ deformed CFT with large central charge in 2 dimensions}",
    eprint = "1707.08118",
    archivePrefix = "arXiv",
    primaryClass = "hep-th",
    doi = "10.1007/JHEP10(2017)108",
    journal = "JHEP",
    volume = "10",
    pages = "108",
    year = "2017"
}

@article{Bisognano:1976za,
    author = "Bisognano, J. J and Wichmann, E. H.",
    title = "{On the Duality Condition for Quantum Fields}",
    doi = "10.1063/1.522898",
    journal = "J. Math. Phys.",
    volume = "17",
    pages = "303--321",
    year = "1976"
}


@article{Casini:2011kv,
    author = "Casini, Horacio and Huerta, Marina and Myers, Robert C.",
    title = "{Towards a derivation of holographic entanglement entropy}",
    eprint = "1102.0440",
    archivePrefix = "arXiv",
    primaryClass = "hep-th",
    doi = "10.1007/JHEP05(2011)036",
    journal = "JHEP",
    volume = "05",
    pages = "036",
    year = "2011"
}


@article{Blanco:2013joa,
    author = "Blanco, David D. and Casini, Horacio and Hung, Ling-Yan and Myers, Robert C.",
    title = "{Relative Entropy and Holography}",
    eprint = "1305.3182",
    archivePrefix = "arXiv",
    primaryClass = "hep-th",
    doi = "10.1007/JHEP08(2013)060",
    journal = "JHEP",
    volume = "08",
    pages = "060",
    year = "2013"
}


@article{Lashkari:2016idm,
    author = "Lashkari, Nima and Lin, Jennifer and Ooguri, Hirosi and Stoica, Bogdan and Van Raamsdonk, Mark",
    title = "{Gravitational positive energy theorems from information inequalities}",
    eprint = "1605.01075",
    archivePrefix = "arXiv",
    primaryClass = "hep-th",
    doi = "10.1093/ptep/ptw139",
    journal = "PTEP",
    volume = "2016",
    number = "12",
    pages = "12C109",
    year = "2016"
}


@article{Blanco:2017akw,
    author = "Blanco, David and Casini, Horacio and Leston, Mauricio and Rosso, Felipe",
    title = "{Modular energy inequalities from relative entropy}",
    eprint = "1711.04816",
    archivePrefix = "arXiv",
    primaryClass = "hep-th",
    doi = "10.1007/JHEP01(2018)154",
    journal = "JHEP",
    volume = "01",
    pages = "154",
    year = "2018"
}


@article{Lashkari:2013koa,
    author = "Lashkari, Nima and McDermott, Michael B. and Van Raamsdonk, Mark",
    title = "{Gravitational dynamics from entanglement 'thermodynamics'}",
    eprint = "1308.3716",
    archivePrefix = "arXiv",
    primaryClass = "hep-th",
    doi = "10.1007/JHEP04(2014)195",
    journal = "JHEP",
    volume = "04",
    pages = "195",
    year = "2014"
}

@article{Borsato:2018spz,
      author         = "Borsato, Riccardo and Wulff, Linus",
      title          = "{Marginal deformations of WZW models and the classical
                        Yang-Baxter equation}",
      journal        = "J. Phys.",
      volume         = "A52",
      year           = "2019",
      number         = "22",
      pages          = "225401",
      doi            = "10.1088/1751-8121/ab1b9c",
      eprint         = "1812.07287",
      archivePrefix  = "arXiv",
      primaryClass   = "hep-th",
      reportNumber   = "NORDITA 2018-122",
      SLACcitation   = "%%CITATION = ARXIV:1812.07287;%%"
}

@article{Araujo:2018rho,
      author         = "Araujo, Thiago and \'O Colg\'ain, Eoin and Sakatani, Yuho
                        and Sheikh-Jabbari, M. M. and Yavartanoo, Hossein",
      title          = "{Holographic integration of $T \bar{T}$ \& $J \bar{T}$
                        via $O(d,d)$}",
      journal        = "JHEP",
      volume         = "03",
      year           = "2019",
      pages          = "168",
      doi            = "10.1007/JHEP03(2019)168",
      eprint         = "1811.03050",
      archivePrefix  = "arXiv",
      primaryClass   = "hep-th",
      reportNumber   = "IPM/P-2018/076",
      SLACcitation   = "%%CITATION = ARXIV:1811.03050;%%"
}

@article{Hartman:2018tkw,
      author         = "Hartman, Thomas and Kruthoff, Jorrit and Shaghoulian,
                        Edgar and Tajdini, Amirhossein",
      title          = "{Holography at finite cutoff with a $T^2$ deformation}",
      journal        = "JHEP",
      volume         = "03",
      year           = "2019",
      pages          = "004",
      doi            = "10.1007/JHEP03(2019)004",
      eprint         = "1807.11401",
      archivePrefix  = "arXiv",
      primaryClass   = "hep-th",
      SLACcitation   = "%%CITATION = ARXIV:1807.11401;%%"
}


@article{Faulkner:2013ica,
    author = "Faulkner, Thomas and Guica, Monica and Hartman, Thomas and Myers, Robert C. and Van Raamsdonk, Mark",
    title = "{Gravitation from Entanglement in Holographic CFTs}",
    eprint = "1312.7856",
    archivePrefix = "arXiv",
    primaryClass = "hep-th",
    doi = "10.1007/JHEP03(2014)051",
    journal = "JHEP",
    volume = "03",
    pages = "051",
    year = "2014"
}


@article{Faulkner:2017tkh,
    author = "Faulkner, Thomas and Haehl, Felix M. and Hijano, Eliot and Parrikar, Onkar and Rabideau, Charles and Van Raamsdonk, Mark",
    title = "{Nonlinear Gravity from Entanglement in Conformal Field Theories}",
    eprint = "1705.03026",
    archivePrefix = "arXiv",
    primaryClass = "hep-th",
    doi = "10.1007/JHEP08(2017)057",
    journal = "JHEP",
    volume = "08",
    pages = "057",
    year = "2017"
}


@article{Jiang:2019qvd,
    author = "Jiang, Hongliang",
    title = "{Anomalous Gravitation and its Positivity from Entanglement}",
    eprint = "1906.04142",
    archivePrefix = "arXiv",
    primaryClass = "hep-th",
    doi = "10.1007/JHEP10(2019)283",
    journal = "JHEP",
    volume = "10",
    pages = "283",
    year = "2019"
}


@article{Faulkner:2016mzt,
    author = "Faulkner, Thomas and Leigh, Robert G. and Parrikar, Onkar and Wang, Huajia",
    title = "{Modular Hamiltonians for Deformed Half-Spaces and the Averaged Null Energy Condition}",
    eprint = "1605.08072",
    archivePrefix = "arXiv",
    primaryClass = "hep-th",
    doi = "10.1007/JHEP09(2016)038",
    journal = "JHEP",
    volume = "09",
    pages = "038",
    year = "2016"
}


@article{Koeller:2017njr,
    author = "Koeller, Jason and Leichenauer, Stefan and Levine, Adam and Shahbazi-Moghaddam, Arvin",
    title = "{Local Modular Hamiltonians from the Quantum Null Energy Condition}",
    eprint = "1702.00412",
    archivePrefix = "arXiv",
    primaryClass = "hep-th",
    doi = "10.1103/PhysRevD.97.065011",
    journal = "Phys. Rev. D",
    volume = "97",
    number = "6",
    pages = "065011",
    year = "2018"
}


@article{Balakrishnan:2017bjg,
    author = "Balakrishnan, Srivatsan and Faulkner, Thomas and Khandker, Zuhair U. and Wang, Huajia",
    title = "{A General Proof of the Quantum Null Energy Condition}",
    eprint = "1706.09432",
    archivePrefix = "arXiv",
    primaryClass = "hep-th",
    doi = "10.1007/JHEP09(2019)020",
    journal = "JHEP",
    volume = "09",
    pages = "020",
    year = "2019"
}


@article{Ceyhan:2018zfg,
    author = "Ceyhan, Fikret and Faulkner, Thomas",
    title = "{Recovering the QNEC from the ANEC}",
    eprint = "1812.04683",
    archivePrefix = "arXiv",
    primaryClass = "hep-th",
    doi = "10.1007/s00220-020-03751-y",
    journal = "Commun. Math. Phys.",
    volume = "377",
    number = "2",
    pages = "999--1045",
    year = "2020"
}


@article{Jafferis:2015del,
    author = "Jafferis, Daniel L. and Lewkowycz, Aitor and Maldacena, Juan and Suh, S. Josephine",
    title = "{Relative entropy equals bulk relative entropy}",
    eprint = "1512.06431",
    archivePrefix = "arXiv",
    primaryClass = "hep-th",
    reportNumber = "NSF-KITP-15-162",
    doi = "10.1007/JHEP06(2016)004",
    journal = "JHEP",
    volume = "06",
    pages = "004",
    year = "2016"
}


@article{Faulkner:2017vdd,
    author = "Faulkner, Thomas and Lewkowycz, Aitor",
    title = "{Bulk locality from modular flow}",
    eprint = "1704.05464",
    archivePrefix = "arXiv",
    primaryClass = "hep-th",
    doi = "10.1007/JHEP07(2017)151",
    journal = "JHEP",
    volume = "07",
    pages = "151",
    year = "2017"
}


@article{Dong:2016eik,
    author = "Dong, Xi and Harlow, Daniel and Wall, Aron C.",
    title = "{Reconstruction of Bulk Operators within the Entanglement Wedge in Gauge-Gravity Duality}",
    eprint = "1601.05416",
    archivePrefix = "arXiv",
    primaryClass = "hep-th",
    reportNumber = "NSF-KITP-16-005",
    doi = "10.1103/PhysRevLett.117.021601",
    journal = "Phys. Rev. Lett.",
    volume = "117",
    number = "2",
    pages = "021601",
    year = "2016"
}


@article{Harlow:2016vwg,
    author = "Harlow, Daniel",
    title = "{The Ryu\textendash{}Takayanagi Formula from Quantum Error Correction}",
    eprint = "1607.03901",
    archivePrefix = "arXiv",
    primaryClass = "hep-th",
    doi = "10.1007/s00220-017-2904-z",
    journal = "Commun. Math. Phys.",
    volume = "354",
    number = "3",
    pages = "865--912",
    year = "2017"
}


@article{Faulkner:2018faa,
    author = "Faulkner, Thomas and Li, Min and Wang, Huajia",
    title = "{A modular toolkit for bulk reconstruction}",
    eprint = "1806.10560",
    archivePrefix = "arXiv",
    primaryClass = "hep-th",
    doi = "10.1007/JHEP04(2019)119",
    journal = "JHEP",
    volume = "04",
    pages = "119",
    year = "2019"
}


@article{deBoer:2019uem,
    author = "De Boer, Jan and Lamprou, Lampros",
    title = "{Holographic Order from Modular Chaos}",
    eprint = "1912.02810",
    archivePrefix = "arXiv",
    primaryClass = "hep-th",
    doi = "10.1007/JHEP06(2020)024",
    journal = "JHEP",
    volume = "06",
    pages = "024",
    year = "2020"
}


@article{Bagchi:2010eg,
    author = "Bagchi, Arjun",
    title = "{Correspondence between Asymptotically Flat Spacetimes and Nonrelativistic Conformal Field Theories}",
    eprint = "1006.3354",
    archivePrefix = "arXiv",
    primaryClass = "hep-th",
    doi = "10.1103/PhysRevLett.105.171601",
    journal = "Phys. Rev. Lett.",
    volume = "105",
    pages = "171601",
    year = "2010"
}

@article{Klebanov:1999tb,
    author = "Klebanov, Igor R. and Witten, Edward",
    title = "{AdS / CFT correspondence and symmetry breaking}",
    eprint = "hep-th/9905104",
    archivePrefix = "arXiv",
    reportNumber = "PUPT-1863, IASSNS-HEP-99-49",
    doi = "10.1016/S0550-3213(99)00387-9",
    journal = "Nucl. Phys. B",
    volume = "556",
    pages = "89--114",
    year = "1999"
}

@article{Witten:2001ua,
    author = "Witten, Edward",
    title = "{Multitrace operators, boundary conditions, and AdS / CFT correspondence}",
    eprint = "hep-th/0112258",
    archivePrefix = "arXiv",
    month = "12",
    year = "2001"
}


@article{Bagchi:2012cy,
    author = "Bagchi, Arjun and Fareghbal, Reza",
    title = "{BMS/GCA Redux: Towards Flatspace Holography from Non-Relativistic Symmetries}",
    eprint = "1203.5795",
    archivePrefix = "arXiv",
    primaryClass = "hep-th",
    reportNumber = "EMPG-12-04, NI-12014",
    doi = "10.1007/JHEP10(2012)092",
    journal = "JHEP",
    volume = "10",
    pages = "092",
    year = "2012"
}


@article{Hofman:2011zj,
    author = "Hofman, Diego M. and Strominger, Andrew",
    title = "{Chiral Scale and Conformal Invariance in 2D Quantum Field Theory}",
    eprint = "1107.2917",
    archivePrefix = "arXiv",
    primaryClass = "hep-th",
    doi = "10.1103/PhysRevLett.107.161601",
    journal = "Phys. Rev. Lett.",
    volume = "107",
    pages = "161601",
    year = "2011"
}


@article{Detournay:2012pc,
    author = "Detournay, Stephane and Hartman, Thomas and Hofman, Diego M.",
    title = "{Warped Conformal Field Theory}",
    eprint = "1210.0539",
    archivePrefix = "arXiv",
    primaryClass = "hep-th",
    reportNumber = "SLAC-PUB-16086",
    doi = "10.1103/PhysRevD.86.124018",
    journal = "Phys. Rev. D",
    volume = "86",
    pages = "124018",
    year = "2012"
}


@article{Song:2016gtd,
    author = "Song, Wei and Wen, Qiang and Xu, Jianfei",
    title = "{Modifications to Holographic Entanglement Entropy in Warped CFT}",
    eprint = "1610.00727",
    archivePrefix = "arXiv",
    primaryClass = "hep-th",
    doi = "10.1007/JHEP02(2017)067",
    journal = "JHEP",
    volume = "02",
    pages = "067",
    year = "2017"
}

@article{Jiang:2019tcq,
    author = "Jiang, Yunfeng",
    title = "{Expectation value of $\mathrm{T}\overline{\mathrm{T}}$ operator in curved spacetimes}",
    eprint = "1903.07561",
    archivePrefix = "arXiv",
    primaryClass = "hep-th",
    reportNumber = "CERN-TH-2019-030",
    doi = "10.1007/JHEP02(2020)094",
    journal = "JHEP",
    volume = "02",
    pages = "094",
    year = "2020"
}

@article{Jiang:2017ecm,
    author = "Jiang, Hongliang and Song, Wei and Wen, Qiang",
    title = "{Entanglement Entropy in Flat Holography}",
    eprint = "1706.07552",
    archivePrefix = "arXiv",
    primaryClass = "hep-th",
    doi = "10.1007/JHEP07(2017)142",
    journal = "JHEP",
    volume = "07",
    pages = "142",
    year = "2017"
}

@article{Apolo:2019yfj,
    author = "Apolo, Luis and Song, Wei",
    title = "{Heating up holography for single-trace $J\bar{T}$ deformations}",
    eprint = "1907.03745",
    archivePrefix = "arXiv",
    primaryClass = "hep-th",
    doi = "10.1007/JHEP01(2020)141",
    journal = "JHEP",
    volume = "01",
    pages = "141",
    year = "2020"
}

@article{Apolo:2021wcn,
    author = "Apolo, Luis and Song, Wei",
    title = "{TsT, black holes, and $ T\overline{T} $ + $ J\overline{T} $ + $ T\overline{J} $}",
    eprint = "2111.02243",
    archivePrefix = "arXiv",
    primaryClass = "hep-th",
    doi = "10.1007/JHEP04(2022)177",
    journal = "JHEP",
    volume = "04",
    pages = "177",
    year = "2022"
}

@article{Apolo:2018qpq,
      author         = "Apolo, Luis and Song, Wei",
      title          = "{Strings on warped AdS$_{3}$ via $
                        \mathrm{T}\bar{\mathrm{J}} $ deformations}",
      journal        = "JHEP",
      volume         = "10",
      year           = "2018",
      pages          = "165",
      doi            = "10.1007/JHEP10(2018)165",
      eprint         = "1806.10127",
      archivePrefix  = "arXiv",
      primaryClass   = "hep-th",
      SLACcitation   = "%%CITATION = ARXIV:1806.10127;%%"
}

@article{Apolo:2020bld,
    author = "Apolo, Luis and Jiang, Hongliang and Song, Wei and Zhong, Yuan",
    title = "{Swing surfaces and holographic entanglement beyond AdS/CFT}",
    eprint = "2006.10740",
    archivePrefix = "arXiv",
    primaryClass = "hep-th",
    doi = "10.1007/JHEP12(2020)064",
    journal = "JHEP",
    volume = "12",
    pages = "064",
    year = "2020"
}


@article{Godet:2019wje,
    author = "Godet, Victor and Marteau, Charles",
    title = "{Gravitation in flat spacetime from entanglement}",
    eprint = "1908.02044",
    archivePrefix = "arXiv",
    primaryClass = "hep-th",
    doi = "10.1007/JHEP12(2019)057",
    journal = "JHEP",
    volume = "12",
    pages = "057",
    year = "2019"
}


@article{Fareghbal:2019czx,
    author = "Fareghbal, Reza and Hakami Shalamzari, Mehdi",
    title = "{First Law of Entanglement Entropy in Flat-Space Holography}",
    eprint = "1908.02560",
    archivePrefix = "arXiv",
    primaryClass = "hep-th",
    doi = "10.1103/PhysRevD.100.106006",
    journal = "Phys. Rev. D",
    volume = "100",
    number = "10",
    pages = "106006",
    year = "2019"
}


@article{Castro:2015csg,
    author = "Castro, Alejandra and Hofman, Diego M. and Iqbal, Nabil",
    title = "{Entanglement Entropy in Warped Conformal Field Theories}",
    eprint = "1511.00707",
    archivePrefix = "arXiv",
    primaryClass = "hep-th",
    doi = "10.1007/JHEP02(2016)033",
    journal = "JHEP",
    volume = "02",
    pages = "033",
    year = "2016"
}


@article{Czech:2019vih,
    author = "Czech, Bartlomiej and De Boer, Jan and Ge, Dongsheng and Lamprou, Lampros",
    title = "{A modular sewing kit for entanglement wedges}",
    eprint = "1903.04493",
    archivePrefix = "arXiv",
    primaryClass = "hep-th",
    doi = "10.1007/JHEP11(2019)094",
    journal = "JHEP",
    volume = "11",
    pages = "094",
    year = "2019"
}


@article{Casini:2017roe,
    author = "Casini, Horacio and Teste, Eduardo and Torroba, Gonzalo",
    title = "{Modular Hamiltonians on the null plane and the Markov property of the vacuum state}",
    eprint = "1703.10656",
    archivePrefix = "arXiv",
    primaryClass = "hep-th",
    doi = "10.1088/1751-8121/aa7eaa",
    journal = "J. Phys. A",
    volume = "50",
    number = "36",
    pages = "364001",
    year = "2017"
}


@article{Apolo:2018oqv,
    author = "Apolo, Luis and He, Song and Song, Wei and Xu, Jianfei and Zheng, Junjie",
    title = "{Entanglement and chaos in warped conformal field theories}",
    eprint = "1812.10456",
    archivePrefix = "arXiv",
    primaryClass = "hep-th",
    doi = "10.1007/JHEP04(2019)009",
    journal = "JHEP",
    volume = "04",
    pages = "009",
    year = "2019"
}


@article{Compere:2014bia,
    author = "Comp\`ere, Geoffrey and Guica, Monica and Rodriguez, Maria J.",
    title = "{Two Virasoro symmetries in stringy warped AdS$_{3}$}",
    eprint = "1407.7871",
    archivePrefix = "arXiv",
    primaryClass = "hep-th",
    doi = "10.1007/JHEP12(2014)012",
    journal = "JHEP",
    volume = "12",
    pages = "012",
    year = "2014"
}


@article{Song:2016pwx,
    author = "Song, Wei and Wen, Qiang and Xu, Jianfei",
    title = "{Generalized Gravitational Entropy for Warped Anti\textendash{}de Sitter Space}",
    eprint = "1601.02634",
    archivePrefix = "arXiv",
    primaryClass = "hep-th",
    doi = "10.1103/PhysRevLett.117.011602",
    journal = "Phys. Rev. Lett.",
    volume = "117",
    number = "1",
    pages = "011602",
    year = "2016"
}


@book{Wald:1984rg,
    author = "Wald, Robert M.",
    title = "{General Relativity}",
    doi = "10.7208/chicago/9780226870373.001.0001",
    publisher = "Chicago Univ. Pr.",
    address = "Chicago, USA",
    year = "1984"
}


@article{Wald:1993nt,
    author = "Wald, Robert M.",
    title = "{Black hole entropy is the Noether charge}",
    eprint = "gr-qc/9307038",
    archivePrefix = "arXiv",
    reportNumber = "EFI-93-42",
    doi = "10.1103/PhysRevD.48.R3427",
    journal = "Phys. Rev. D",
    volume = "48",
    number = "8",
    pages = "R3427--R3431",
    year = "1993"
}


@article{Iyer:1994ys,
    author = "Iyer, Vivek and Wald, Robert M.",
    title = "{Some properties of Noether charge and a proposal for dynamical black hole entropy}",
    eprint = "gr-qc/9403028",
    archivePrefix = "arXiv",
    doi = "10.1103/PhysRevD.50.846",
    journal = "Phys. Rev. D",
    volume = "50",
    pages = "846--864",
    year = "1994"
}


@article{Barnich:2001jy,
    author = "Barnich, Glenn and Brandt, Friedemann",
    title = "{Covariant theory of asymptotic symmetries, conservation laws and central charges}",
    eprint = "hep-th/0111246",
    archivePrefix = "arXiv",
    reportNumber = "ULB-TH-01-19, MPI-MIS-94-2001",
    doi = "10.1016/S0550-3213(02)00251-1",
    journal = "Nucl. Phys. B",
    volume = "633",
    pages = "3--82",
    year = "2002"
}


@article{Guica:2008mu,
    author = "Guica, Monica and Hartman, Thomas and Song, Wei and Strominger, Andrew",
    title = "{The Kerr/CFT Correspondence}",
    eprint = "0809.4266",
    archivePrefix = "arXiv",
    primaryClass = "hep-th",
    doi = "10.1103/PhysRevD.80.124008",
    journal = "Phys. Rev. D",
    volume = "80",
    pages = "124008",
    year = "2009"
}


@article{Compere:2008cv,
    author = "Compere, Geoffrey and Detournay, Stephane",
    title = "{Semi-classical central charge in topologically massive gravity}",
    eprint = "0808.1911",
    archivePrefix = "arXiv",
    primaryClass = "hep-th",
    doi = "10.1088/0264-9381/26/1/012001",
    journal = "Class. Quant. Grav.",
    volume = "26",
    pages = "012001",
    year = "2009",
    note = "[Erratum: Class.Quant.Grav. 26, 139801 (2009)]"
}


@article{Harlow:2019yfa,
    author = "Harlow, Daniel and Wu, Jie-Qiang",
    title = "{Covariant phase space with boundaries}",
    eprint = "1906.08616",
    archivePrefix = "arXiv",
    primaryClass = "hep-th",
    doi = "10.1007/JHEP10(2020)146",
    journal = "JHEP",
    volume = "10",
    pages = "146",
    year = "2020"
}


@article{Bondi:1962px,
    author = "Bondi, H. and van der Burg, M. G. J. and Metzner, A. W. K.",
    title = "{Gravitational waves in general relativity. 7. Waves from axisymmetric isolated systems}",
    doi = "10.1098/rspa.1962.0161",
    journal = "Proc. Roy. Soc. Lond. A",
    volume = "269",
    pages = "21--52",
    year = "1962"
}


@article{Sachs:1962wk,
    author = "Sachs, R. K.",
    title = "{Gravitational waves in general relativity. 8. Waves in asymptotically flat space-times}",
    doi = "10.1098/rspa.1962.0206",
    journal = "Proc. Roy. Soc. Lond. A",
    volume = "270",
    pages = "103--126",
    year = "1962"
}


@article{Sachs:1962zza,
    author = "Sachs, R.",
    title = "{Asymptotic symmetries in gravitational theory}",
    doi = "10.1103/PhysRev.128.2851",
    journal = "Phys. Rev.",
    volume = "128",
    pages = "2851--2864",
    year = "1962"
}


@article{Barnich:2006av,
    author = "Barnich, Glenn and Compere, Geoffrey",
    title = "{Classical central extension for asymptotic symmetries at null infinity in three spacetime dimensions}",
    eprint = "gr-qc/0610130",
    archivePrefix = "arXiv",
    reportNumber = "ULB-TH-06-08",
    doi = "10.1088/0264-9381/24/5/F01",
    journal = "Class. Quant. Grav.",
    volume = "24",
    pages = "F15--F23",
    year = "2007"
}


@article{Barnich:2010eb,
    author = "Barnich, Glenn and Troessaert, Cedric",
    title = "{Aspects of the BMS/CFT correspondence}",
    eprint = "1001.1541",
    archivePrefix = "arXiv",
    primaryClass = "hep-th",
    reportNumber = "ULB-TH-09-28",
    doi = "10.1007/JHEP05(2010)062",
    journal = "JHEP",
    volume = "05",
    pages = "062",
    year = "2010"
}


@article{Barnich:2012xq,
    author = "Barnich, Glenn",
    title = "{Entropy of three-dimensional asymptotically flat cosmological solutions}",
    eprint = "1208.4371",
    archivePrefix = "arXiv",
    primaryClass = "hep-th",
    reportNumber = "ULB-TH-12-14",
    doi = "10.1007/JHEP10(2012)095",
    journal = "JHEP",
    volume = "10",
    pages = "095",
    year = "2012"
}


@article{Bagchi:2012xr,
    author = "Bagchi, Arjun and Detournay, St\'ephane and Fareghbal, Reza and Sim\'on, Joan",
    title = "{Holography of 3D Flat Cosmological Horizons}",
    eprint = "1208.4372",
    archivePrefix = "arXiv",
    primaryClass = "hep-th",
    reportNumber = "EMPG-12-18",
    doi = "10.1103/PhysRevLett.110.141302",
    journal = "Phys. Rev. Lett.",
    volume = "110",
    number = "14",
    pages = "141302",
    year = "2013"
}


@article{Bagchi:2014iea,
    author = "Bagchi, Arjun and Basu, Rudranil and Grumiller, Daniel and Riegler, Max",
    title = "{Entanglement entropy in Galilean conformal field theories and flat holography}",
    eprint = "1410.4089",
    archivePrefix = "arXiv",
    primaryClass = "hep-th",
    reportNumber = "TUW-14-14",
    doi = "10.1103/PhysRevLett.114.111602",
    journal = "Phys. Rev. Lett.",
    volume = "114",
    number = "11",
    pages = "111602",
    year = "2015"
}


@article{Basu:2015evh,
    author = "Basu, Rudranil and Riegler, Max",
    title = "{Wilson Lines and Holographic Entanglement Entropy in Galilean Conformal Field Theories}",
    eprint = "1511.08662",
    archivePrefix = "arXiv",
    primaryClass = "hep-th",
    doi = "10.1103/PhysRevD.93.045003",
    journal = "Phys. Rev. D",
    volume = "93",
    number = "4",
    pages = "045003",
    year = "2016"
}


@article{Hosseini:2015uba,
    author = "Hosseini, Seyed Morteza and V\'eliz-Osorio, \'Alvaro",
    title = "{Gravitational anomalies, entanglement entropy, and flat-space holography}",
    eprint = "1507.06625",
    archivePrefix = "arXiv",
    primaryClass = "hep-th",
    reportNumber = "WITS-MITP-016",
    doi = "10.1103/PhysRevD.93.046005",
    journal = "Phys. Rev. D",
    volume = "93",
    number = "4",
    pages = "046005",
    year = "2016"
}


@article{Hijano:2017eii,
    author = "Hijano, Eliot and Rabideau, Charles",
    title = "{Holographic entanglement and Poincar\'e blocks in three-dimensional flat space}",
    eprint = "1712.07131",
    archivePrefix = "arXiv",
    primaryClass = "hep-th",
    doi = "10.1007/JHEP05(2018)068",
    journal = "JHEP",
    volume = "05",
    pages = "068",
    year = "2018"
}


@article{Wen:2018mev,
    author = "Wen, Qiang",
    title = "{Towards the generalized gravitational entropy for spacetimes with non-Lorentz invariant duals}",
    eprint = "1810.11756",
    archivePrefix = "arXiv",
    primaryClass = "hep-th",
    doi = "10.1007/JHEP01(2019)220",
    journal = "JHEP",
    volume = "01",
    pages = "220",
    year = "2019"
}


@article{Bagchi:2015wna,
    author = "Bagchi, Arjun and Grumiller, Daniel and Merbis, Wout",
    title = "{Stress tensor correlators in three-dimensional gravity}",
    eprint = "1507.05620",
    archivePrefix = "arXiv",
    primaryClass = "hep-th",
    reportNumber = "MIT-CTP-4694, TUW-15-13",
    doi = "10.1103/PhysRevD.93.061502",
    journal = "Phys. Rev. D",
    volume = "93",
    number = "6",
    pages = "061502",
    year = "2016"
}


@article{Hijano:2018nhq,
    author = "Hijano, Eliot",
    title = "{Semi-classical BMS$_{3}$ blocks and flat holography}",
    eprint = "1805.00949",
    archivePrefix = "arXiv",
    primaryClass = "hep-th",
    doi = "10.1007/JHEP10(2018)044",
    journal = "JHEP",
    volume = "10",
    pages = "044",
    year = "2018"
}


@article{Barnich:2015mui,
    author = "Barnich, Glenn and Gonzalez, Hernan A. and Maloney, Alexander and Oblak, Blagoje",
    title = "{One-loop partition function of three-dimensional flat gravity}",
    eprint = "1502.06185",
    archivePrefix = "arXiv",
    primaryClass = "hep-th",
    doi = "10.1007/JHEP04(2015)178",
    journal = "JHEP",
    volume = "04",
    pages = "178",
    year = "2015"
}


@article{Grumiller:2019xna,
    author = "Grumiller, Daniel and Parekh, Pulastya and Riegler, Max",
    title = "{Local quantum energy conditions in non-Lorentz-invariant quantum field theories}",
    eprint = "1907.06650",
    archivePrefix = "arXiv",
    primaryClass = "hep-th",
    reportNumber = "TUW-19-03",
    doi = "10.1103/PhysRevLett.123.121602",
    journal = "Phys. Rev. Lett.",
    volume = "123",
    number = "12",
    pages = "121602",
    year = "2019"
}


@article{Bagchi:2016bcd,
    author = "Bagchi, Arjun and Basu, Rudranil and Kakkar, Ashish and Mehra, Aditya",
    title = "{Flat Holography: Aspects of the dual field theory}",
    eprint = "1609.06203",
    archivePrefix = "arXiv",
    primaryClass = "hep-th",
    doi = "10.1007/JHEP12(2016)147",
    journal = "JHEP",
    volume = "12",
    pages = "147",
    year = "2016"
}


@article{Barnich:2012aw,
    author = "Barnich, Glenn and Gomberoff, Andres and Gonzalez, Hernan A.",
    title = "{The Flat limit of three dimensional asymptotically anti-de Sitter spacetimes}",
    eprint = "1204.3288",
    archivePrefix = "arXiv",
    primaryClass = "gr-qc",
    doi = "10.1103/PhysRevD.86.024020",
    journal = "Phys. Rev. D",
    volume = "86",
    pages = "024020",
    year = "2012"
}


@article{Fareghbal:2013ifa,
    author = "Fareghbal, Reza and Naseh, Ali",
    title = "{Flat-Space Energy-Momentum Tensor from BMS/GCA Correspondence}",
    eprint = "1312.2109",
    archivePrefix = "arXiv",
    primaryClass = "hep-th",
    doi = "10.1007/JHEP03(2014)005",
    journal = "JHEP",
    volume = "03",
    pages = "005",
    year = "2014"
}


@article{Krishnan:2013wta,
    author = "Krishnan, Chethan and Raju, Avinash and Roy, Shubho",
    title = "{A Grassmann path from $AdS_3$ to flat space}",
    eprint = "1312.2941",
    archivePrefix = "arXiv",
    primaryClass = "hep-th",
    doi = "10.1007/JHEP03(2014)036",
    journal = "JHEP",
    volume = "03",
    pages = "036",
    year = "2014"
}


@article{Fareghbal:2014oba,
    author = "Fareghbal, Reza and Naseh, Ali",
    title = "{Rindler/Contracted-CFT Correspondence}",
    eprint = "1404.3937",
    archivePrefix = "arXiv",
    primaryClass = "hep-th",
    doi = "10.1007/JHEP06(2014)134",
    journal = "JHEP",
    volume = "06",
    pages = "134",
    year = "2014"
}


@article{Barnich:2014zoa,
    author = "Barnich, Glenn and Oblak, Blagoje",
    title = "{Holographic positive energy theorems in three-dimensional gravity}",
    eprint = "1403.3835",
    archivePrefix = "arXiv",
    primaryClass = "hep-th",
    doi = "10.1088/0264-9381/31/15/152001",
    journal = "Class. Quant. Grav.",
    volume = "31",
    pages = "152001",
    year = "2014"
}


@article{Fareghbal:2014qga,
    author = "Fareghbal, Reza and Naseh, Ali",
    title = "{Aspects of Flat/CCFT Correspondence}",
    eprint = "1408.6932",
    archivePrefix = "arXiv",
    primaryClass = "hep-th",
    doi = "10.1088/0264-9381/32/13/135013",
    journal = "Class. Quant. Grav.",
    volume = "32",
    pages = "135013",
    year = "2015"
}


@article{Fareghbal:2015bxd,
    author = "Fareghbal, Reza and Naseh, Ali and Rouhani, Shahin",
    title = "{Aspects of Ultra-Relativistic Field Theories via Flat-space Holography}",
    eprint = "1511.01774",
    archivePrefix = "arXiv",
    primaryClass = "hep-th",
    doi = "10.1016/j.physletb.2017.04.040",
    journal = "Phys. Lett. B",
    volume = "771",
    pages = "189--193",
    year = "2017"
}


@article{Bagchi:2016geg,
    author = "Bagchi, Arjun and Gary, Mirah and Zodinmawia",
    title = "{Bondi-Metzner-Sachs bootstrap}",
    eprint = "1612.01730",
    archivePrefix = "arXiv",
    primaryClass = "hep-th",
    doi = "10.1103/PhysRevD.96.025007",
    journal = "Phys. Rev. D",
    volume = "96",
    number = "2",
    pages = "025007",
    year = "2017"
}


@article{Bagchi:2019unf,
    author = "Bagchi, Arjun and Saha, Amartya and Zodinmawia",
    title = "{BMS Characters and Modular Invariance}",
    eprint = "1902.07066",
    archivePrefix = "arXiv",
    primaryClass = "hep-th",
    doi = "10.1007/JHEP07(2019)138",
    journal = "JHEP",
    volume = "07",
    pages = "138",
    year = "2019"
}


@article{Merbis:2019wgk,
    author = "Merbis, Wout and Riegler, Max",
    title = "{Geometric actions and flat space holography}",
    eprint = "1912.08207",
    archivePrefix = "arXiv",
    primaryClass = "hep-th",
    doi = "10.1007/JHEP02(2020)125",
    journal = "JHEP",
    volume = "02",
    pages = "125",
    year = "2020"
}


@article{Compere:2013aya,
    author = "Comp\`ere, Geoffrey and Song, Wei and Strominger, Andrew",
    title = "{Chiral Liouville Gravity}",
    eprint = "1303.2660",
    archivePrefix = "arXiv",
    primaryClass = "hep-th",
    doi = "10.1007/JHEP05(2013)154",
    journal = "JHEP",
    volume = "05",
    pages = "154",
    year = "2013"
}


@article{Hofman:2014loa,
    author = "Hofman, Diego M. and Rollier, Blaise",
    title = "{Warped Conformal Field Theory as Lower Spin Gravity}",
    eprint = "1411.0672",
    archivePrefix = "arXiv",
    primaryClass = "hep-th",
    doi = "10.1016/j.nuclphysb.2015.05.011",
    journal = "Nucl. Phys. B",
    volume = "897",
    pages = "1--38",
    year = "2015"
}


@article{Jensen:2017tnb,
    author = "Jensen, Kristan",
    title = "{Locality and anomalies in warped conformal field theory}",
    eprint = "1710.11626",
    archivePrefix = "arXiv",
    primaryClass = "hep-th",
    doi = "10.1007/JHEP12(2017)111",
    journal = "JHEP",
    volume = "12",
    pages = "111",
    year = "2017"
}


@article{Anninos:2008fx,
    author = "Anninos, Dionysios and Li, Wei and Padi, Megha and Song, Wei and Strominger, Andrew",
    title = "{Warped AdS(3) Black Holes}",
    eprint = "0807.3040",
    archivePrefix = "arXiv",
    primaryClass = "hep-th",
    doi = "10.1088/1126-6708/2009/03/130",
    journal = "JHEP",
    volume = "03",
    pages = "130",
    year = "2009"
}


@article{Compere:2009zj,
    author = "Compere, Geoffrey and Detournay, Stephane",
    title = "{Boundary conditions for spacelike and timelike warped $AdS_{3}$ spaces in topologically massive gravity}",
    eprint = "0906.1243",
    archivePrefix = "arXiv",
    primaryClass = "hep-th",
    reportNumber = "NSF-KITP-09-96, ESI-2149",
    doi = "10.1088/1126-6708/2009/08/092",
    journal = "JHEP",
    volume = "08",
    pages = "092",
    year = "2009"
}


@article{Compere:2013bya,
    author = "Comp\`ere, Geoffrey and Song, Wei and Strominger, Andrew",
    title = "{New Boundary Conditions for AdS3}",
    eprint = "1303.2662",
    archivePrefix = "arXiv",
    primaryClass = "hep-th",
    doi = "10.1007/JHEP05(2013)152",
    journal = "JHEP",
    volume = "05",
    pages = "152",
    year = "2013"
}


@article{Song:2019txa,
    author = "Song, Wei and Xu, Jianfei",
    title = "{Structure Constants from Modularity in Warped CFT}",
    eprint = "1903.01346",
    archivePrefix = "arXiv",
    primaryClass = "hep-th",
    doi = "10.1007/JHEP10(2019)211",
    journal = "JHEP",
    volume = "10",
    pages = "211",
    year = "2019"
}


@article{Azeyanagi:2018har,
    author = "Azeyanagi, Tatsuo and Detournay, St\'ephane and Riegler, Max",
    title = "{Warped Black Holes in Lower-Spin Gravity}",
    eprint = "1801.07263",
    archivePrefix = "arXiv",
    primaryClass = "hep-th",
    doi = "10.1103/PhysRevD.99.026013",
    journal = "Phys. Rev. D",
    volume = "99",
    number = "2",
    pages = "026013",
    year = "2019"
}


@article{Gao:2019vcc,
    author = "Gao, Baizhi and Xu, Jianfei",
    title = "{Holographic entanglement entropy in AdS$_3$/WCFT}",
    eprint = "1912.00562",
    archivePrefix = "arXiv",
    primaryClass = "hep-th",
    month = "12",
    year = "2019"
}


@article{Castro:2015uaa,
    author = "Castro, Alejandra and Hofman, Diego M. and S\'arosi, G\'abor",
    title = "{Warped Weyl fermion partition functions}",
    eprint = "1508.06302",
    archivePrefix = "arXiv",
    primaryClass = "hep-th",
    doi = "10.1007/JHEP11(2015)129",
    journal = "JHEP",
    volume = "11",
    pages = "129",
    year = "2015"
}


@article{Song:2017czq,
    author = "Song, Wei and Xu, Jianfei",
    title = "{Correlation Functions of Warped CFT}",
    eprint = "1706.07621",
    archivePrefix = "arXiv",
    primaryClass = "hep-th",
    doi = "10.1007/JHEP04(2018)067",
    journal = "JHEP",
    volume = "04",
    pages = "067",
    year = "2018"
}


@article{Apolo:2018eky,
    author = "Apolo, Luis and Song, Wei",
    title = "{Bootstrapping holographic warped CFTs or: how I learned to stop worrying and tolerate negative norms}",
    eprint = "1804.10525",
    archivePrefix = "arXiv",
    primaryClass = "hep-th",
    doi = "10.1007/JHEP07(2018)112",
    journal = "JHEP",
    volume = "07",
    pages = "112",
    year = "2018"
}


@article{Chen:2019xpb,
    author = "Chen, Bin and Hao, Peng-Xiang and Song, Wei",
    title = "{R\'enyi mutual information in holographic warped CFTs}",
    eprint = "1904.01876",
    archivePrefix = "arXiv",
    primaryClass = "hep-th",
    doi = "10.1007/JHEP10(2019)037",
    journal = "JHEP",
    volume = "10",
    pages = "037",
    year = "2019"
}


@article{Lin:2019dji,
    author = "Lin, Yu-han and Chen, Bin",
    title = "{Note on bulk reconstruction in AdS$_3$/warped CFT$_2$}",
    eprint = "1905.04680",
    archivePrefix = "arXiv",
    primaryClass = "hep-th",
    doi = "10.1103/PhysRevD.100.086018",
    journal = "Phys. Rev. D",
    volume = "100",
    number = "8",
    pages = "086018",
    year = "2019"
}


@article{Ghodrati:2019bzz,
    author = "Ghodrati, Mahdis",
    title = "{Complexity and emergence of warped AdS$_{3}$ space-time from chiral Liouville action}",
    eprint = "1911.03819",
    archivePrefix = "arXiv",
    primaryClass = "hep-th",
    doi = "10.1007/JHEP02(2020)052",
    journal = "JHEP",
    volume = "02",
    pages = "052",
    year = "2020"
}


@article{Chaturvedi:2018uov,
    author = "Chaturvedi, Pankaj and Gu, Yingfei and Song, Wei and Yu, Boyang",
    title = "{A note on the complex SYK model and warped CFTs}",
    eprint = "1808.08062",
    archivePrefix = "arXiv",
    primaryClass = "hep-th",
    doi = "10.1007/JHEP12(2018)101",
    journal = "JHEP",
    volume = "12",
    pages = "101",
    year = "2018"
}


@article{Chaturvedi:2020jyy,
    author = "Chaturvedi, Pankaj and Papadimitriou, Ioannis and Song, Wei and Yu, Boyang",
    title = "{AdS$_3$ gravity and the complex SYK models}",
    eprint = "2011.10001",
    archivePrefix = "arXiv",
    primaryClass = "hep-th",
    reportNumber = "KIAS-P20068",
    month = "11",
    year = "2020"
}


@article{Aggarwal:2019iay,
    author = "Aggarwal, Ankit and Castro, Alejandra and Detournay, St\'ephane",
    title = "{Warped Symmetries of the Kerr Black Hole}",
    eprint = "1909.03137",
    archivePrefix = "arXiv",
    primaryClass = "hep-th",
    doi = "10.1007/JHEP01(2020)016",
    journal = "JHEP",
    volume = "01",
    pages = "016",
    year = "2020"
}


@article{Brown:1986nw,
    author = "Brown, J. David and Henneaux, M.",
    title = "{Central Charges in the Canonical Realization of Asymptotic Symmetries: An Example from Three-Dimensional Gravity}",
    doi = "10.1007/BF01211590",
    journal = "Commun. Math. Phys.",
    volume = "104",
    pages = "207--226",
    year = "1986"
}


@article{Troessaert:2013fma,
    author = "Troessaert, C\'edric",
    title = "{Enhanced asymptotic symmetry algebra of $AdS_{3}$}",
    eprint = "1303.3296",
    archivePrefix = "arXiv",
    primaryClass = "hep-th",
    doi = "10.1007/JHEP08(2013)044",
    journal = "JHEP",
    volume = "08",
    pages = "044",
    year = "2013"
}


@article{Avery:2013dja,
    author = "Avery, Steven G. and Poojary, Rohan R. and Suryanarayana, Nemani V.",
    title = "{An sl(2,$\mathbb{R}$) current algebra from $AdS_3$ gravity}",
    eprint = "1304.4252",
    archivePrefix = "arXiv",
    primaryClass = "hep-th",
    doi = "10.1007/JHEP01(2014)144",
    journal = "JHEP",
    volume = "01",
    pages = "144",
    year = "2014"
}


@article{Apolo:2014tua,
    author = "Apolo, Luis and Porrati, Massimo",
    title = "{Free boundary conditions and the AdS$_3$/CFT$_2$ correspondence}",
    eprint = "1401.1197",
    archivePrefix = "arXiv",
    primaryClass = "hep-th",
    doi = "10.1007/JHEP03(2014)116",
    journal = "JHEP",
    volume = "03",
    pages = "116",
    year = "2014"
}


@article{Apolo:2015fja,
    author = "Apolo, Luis and Sundborg, Bo",
    title = "{Strings from 3D gravity: asymptotic dynamics of AdS$_{3}$ gravity with free boundary conditions}",
    eprint = "1504.07579",
    archivePrefix = "arXiv",
    primaryClass = "hep-th",
    doi = "10.1007/JHEP06(2015)171",
    journal = "JHEP",
    volume = "06",
    pages = "171",
    year = "2015"
}


@article{Detournay:2012dz,
    author = "Detournay, St\'ephane and Guica, Monica",
    title = {{Stringy Schr\"odinger truncations}},
    eprint = "1212.6792",
    archivePrefix = "arXiv",
    primaryClass = "hep-th",
    doi = "10.1007/JHEP08(2013)121",
    journal = "JHEP",
    volume = "08",
    pages = "121",
    year = "2013"
}


%%%% NEW CITATIONS %%%%

@article{Iyer:1995kg,
    author = "Iyer, Vivek and Wald, Robert M.",
    title = "{A Comparison of Noether charge and Euclidean methods for computing the entropy of stationary black holes}",
    eprint = "gr-qc/9503052",
    archivePrefix = "arXiv",
    doi = "10.1103/PhysRevD.52.4430",
    journal = "Phys. Rev. D",
    volume = "52",
    pages = "4430--4439",
    year = "1995"
}

@article{Lewkowycz:2013nqa,
    author = "Lewkowycz, Aitor and Maldacena, Juan",
    title = "{Generalized gravitational entropy}",
    eprint = "1304.4926",
    archivePrefix = "arXiv",
    primaryClass = "hep-th",
    doi = "10.1007/JHEP08(2013)090",
    journal = "JHEP",
    volume = "08",
    pages = "090",
    year = "2013"
}

@article{Faulkner:2013ana,
    author = "Faulkner, Thomas and Lewkowycz, Aitor and Maldacena, Juan",
    title = "{Quantum corrections to holographic entanglement entropy}",
    eprint = "1307.2892",
    archivePrefix = "arXiv",
    primaryClass = "hep-th",
    doi = "10.1007/JHEP11(2013)074",
    journal = "JHEP",
    volume = "11",
    pages = "074",
    year = "2013"
}

@article{Datta:2018thy,
      author         = "Datta, Shouvik and Jiang, Yunfeng",
      title          = "{$T\bar{T}$ deformed partition functions}",
      journal        = "JHEP",
      volume         = "08",
      year           = "2018",
      pages          = "106",
      doi            = "10.1007/JHEP08(2018)106",
      eprint         = "1806.07426",
      archivePrefix  = "arXiv",
      primaryClass   = "hep-th",
      SLACcitation   = "%%CITATION = ARXIV:1806.07426;%%"
}

@article{Aharony:2018vux,
      author         = "Aharony, Ofer and Vaknin, Talya",
      title          = "{The $T\bar{T}$ deformation at large central charge}",
      journal        = "JHEP",
      volume         = "05",
      year           = "2018",
      pages          = "166",
      doi            = "10.1007/JHEP05(2018)166",
      eprint         = "1803.00100",
      archivePrefix  = "arXiv",
      primaryClass   = "hep-th",
      SLACcitation   = "%%CITATION = ARXIV:1803.00100;%%"
}

@article{Aharony:2018bad,
      author         = "Aharony, Ofer and Datta, Shouvik and Giveon, Amit and
                        Jiang, Yunfeng and Kutasov, David",
      title          = "{Modular invariance and uniqueness of $T\bar{T}$ deformed
                        CFT}",
      year           = "2018",
      eprint         = "1808.02492",
      archivePrefix  = "arXiv",
      primaryClass   = "hep-th",
      SLACcitation   = "%%CITATION = ARXIV:1808.02492;%%"
}

@article{Apolo:2020qjm,
    author = "Apolo, Luis and Jiang, Hongliang and Song, Wei and Zhong, Yuan",
    title = "{Modular Hamiltonians in flat holography and (W)AdS/WCFT}",
    eprint = "2006.10741",
    archivePrefix = "arXiv",
    primaryClass = "hep-th",
    doi = "10.1007/JHEP09(2020)033",
    journal = "JHEP",
    volume = "09",
    pages = "033",
    year = "2020"
}

@article{Apolo:2019zai,
    author = "Apolo, Luis and Detournay, Stephane and Song, Wei",
    title = "{TsT, $T\bar{T}$ and black strings}",
    eprint = "1911.12359",
    archivePrefix = "arXiv",
    primaryClass = "hep-th",
    doi = "10.1007/JHEP06(2020)109",
    journal = "JHEP",
    volume = "06",
    pages = "109",
    year = "2020"
}

@article{McGough:2016lol,
    author = "McGough, Lauren and Mezei, M\'ark and Verlinde, Herman",
    title = "{Moving the CFT into the bulk with $ T\overline{T} $}",
    eprint = "1611.03470",
    archivePrefix = "arXiv",
    primaryClass = "hep-th",
    doi = "10.1007/JHEP04(2018)010",
    journal = "JHEP",
    volume = "04",
    pages = "010",
    year = "2018"
}

@article{Lewkowycz:2019xse,
    author = "Lewkowycz, Aitor and Liu, Junyu and Silverstein, Eva and Torroba, Gonzalo",
    title = "{$ T\overline{T} $ and EE, with implications for (A)dS subregion encodings}",
    eprint = "1909.13808",
    archivePrefix = "arXiv",
    primaryClass = "hep-th",
    reportNumber = "CALT-TH-2019--031",
    doi = "10.1007/JHEP04(2020)152",
    journal = "JHEP",
    volume = "04",
    pages = "152",
    year = "2020"
}

@article{Carlip:1994gc,
    author = "Carlip, Steven and Teitelboim, Claudio",
    title = "{Aspects of black hole quantum mechanics and thermodynamics in (2+1)-dimensions}",
    eprint = "gr-qc/9405070",
    archivePrefix = "arXiv",
    reportNumber = "IASSNS-HEP-94-34, UCD-94-13",
    doi = "10.1103/PhysRevD.51.622",
    journal = "Phys. Rev. D",
    volume = "51",
    pages = "622--631",
    year = "1995"
}

@book{Rangamani:2016dms,
    author = "Rangamani, Mukund and Takayanagi, Tadashi",
    title = "{Holographic Entanglement Entropy}",
    eprint = "1609.01287",
    archivePrefix = "arXiv",
    primaryClass = "hep-th",
    reportNumber = "YITP-16-106",
    doi = "10.1007/978-3-319-52573-0",
    publisher = "Springer",
    volume = "931",
    year = "2017"
}

@article{Compere:2018aar,
    author = "Comp\`ere, Geoffrey and Fiorucci, Adrien",
    title = "{Advanced Lectures on General Relativity}",
    eprint = "1801.07064",
    archivePrefix = "arXiv",
    primaryClass = "hep-th",
    month = "1",
    year = "2018"
}

@article{Smirnov:2016lqw,
      author         = "Smirnov, F. A. and Zamolodchikov, A. B.",
      title          = "{On space of integrable quantum field theories}",
      journal        = "Nucl. Phys.",
      volume         = "B915",
      year           = "2017",
      pages          = "363-383",
      doi            = "10.1016/j.nuclphysb.2016.12.014",
      eprint         = "1608.05499",
      archivePrefix  = "arXiv",
      primaryClass   = "hep-th",
      SLACcitation   = "%%CITATION = ARXIV:1608.05499;%%"
}

@article{Cavaglia:2016oda,
      author         = "Cavagli\`a, Andrea and Negro, Stefano and Sz\'ecs\'enyi,
                        Istv\'an M. and Tateo, Roberto",
      title          = "{$T \bar{T}$-deformed 2D Quantum Field Theories}",
      journal        = "JHEP",
      volume         = "10",
      year           = "2016",
      pages          = "112",
      doi            = "10.1007/JHEP10(2016)112",
      eprint         = "1608.05534",
      archivePrefix  = "arXiv",
      primaryClass   = "hep-th",
      SLACcitation   = "%%CITATION = ARXIV:1608.05534;%%"
}


@article{Dubovsky:2012wk,
      author         = "Dubovsky, Sergei and Flauger, Raphael and Gorbenko,
                        Victor",
      title          = "{Solving the Simplest Theory of Quantum Gravity}",
      journal        = "JHEP",
      volume         = "09",
      year           = "2012",
      pages          = "133",
      doi            = "10.1007/JHEP09(2012)133",
      eprint         = "1205.6805",
      archivePrefix  = "arXiv",
      primaryClass   = "hep-th",
      SLACcitation   = "%%CITATION = ARXIV:1205.6805;%%"
}

@article{Dubovsky:2013ira,
      author         = "Dubovsky, Sergei and Gorbenko, Victor and Mirbabayi,
                        Mehrdad",
      title          = "{Natural Tuning: Towards A Proof of Concept}",
      journal        = "JHEP",
      volume         = "09",
      year           = "2013",
      pages          = "045",
      doi            = "10.1007/JHEP09(2013)045",
      eprint         = "1305.6939",
      archivePrefix  = "arXiv",
      primaryClass   = "hep-th",
      SLACcitation   = "%%CITATION = ARXIV:1305.6939;%%"
}


@article{Dubovsky:2017cnj,
      author         = "Dubovsky, Sergei and Gorbenko, Victor and Mirbabayi,
                        Mehrdad",
      title          = "{Asymptotic fragility, near AdS$_{2}$ holography and $
                        T\overline{T} $}",
      journal        = "JHEP",
      volume         = "09",
      year           = "2017",
      pages          = "136",
      doi            = "10.1007/JHEP09(2017)136",
      eprint         = "1706.06604",
      archivePrefix  = "arXiv",
      primaryClass   = "hep-th",
      SLACcitation   = "%%CITATION = ARXIV:1706.06604;%%"
}

@article{Cardy:2018sdv,
      author         = "Cardy, John",
      title          = "{The $ T\overline{T} $ deformation of quantum field
                        theory as random geometry}",
      journal        = "JHEP",
      volume         = "10",
      year           = "2018",
      pages          = "186",
      doi            = "10.1007/JHEP10(2018)186",
      eprint         = "1801.06895",
      archivePrefix  = "arXiv",
      primaryClass   = "hep-th",
      SLACcitation   = "%%CITATION = ARXIV:1801.06895;%%"
}

@article{El-Showk:2011yvt,
    author = "El-Showk, Sheer and Papadodimas, Kyriakos",
    title = "{Emergent Spacetime and Holographic CFTs}",
    eprint = "1101.4163",
    archivePrefix = "arXiv",
    primaryClass = "hep-th",
    doi = "10.1007/JHEP10(2012)106",
    journal = "JHEP",
    volume = "10",
    pages = "106",
    year = "2012"
}

@article{Giveon:2017nie,
      author         = "Giveon, Amit and Itzhaki, Nissan and Kutasov, David",
      title          = "{$ \mathrm{T}\overline{\mathrm{T}} $ and LST}",
      journal        = "JHEP",
      volume         = "07",
      year           = "2017",
      pages          = "122",
      doi            = "10.1007/JHEP07(2017)122",
      eprint         = "1701.05576",
      archivePrefix  = "arXiv",
      primaryClass   = "hep-th",
      SLACcitation   = "%%CITATION = ARXIV:1701.05576;%%"
}

@article{Chakraborty:2018kpr,
    author = "Chakraborty, Soumangsu and Giveon, Amit and Itzhaki, Nissan and Kutasov, David",
    title = "{Entanglement beyond AdS}",
    eprint = "1805.06286",
    archivePrefix = "arXiv",
    primaryClass = "hep-th",
    doi = "10.1016/j.nuclphysb.2018.08.011",
    journal = "Nucl. Phys. B",
    volume = "935",
    pages = "290--309",
    year = "2018"
}



@article{Donnelly:2018bef,
    author = "Donnelly, William and Shyam, Vasudev",
    title = "{Entanglement entropy and $T \overline{T}$ deformation}",
    eprint = "1806.07444",
    archivePrefix = "arXiv",
    primaryClass = "hep-th",
    doi = "10.1103/PhysRevLett.121.131602",
    journal = "Phys. Rev. Lett.",
    volume = "121",
    number = "13",
    pages = "131602",
    year = "2018"
}

@article{Guica:2019nzm,
    author = "Guica, Monica and Monten, Ruben",
    title = "{$T\bar T$ and the mirage of a bulk cutoff}",
    eprint = "1906.11251",
    archivePrefix = "arXiv",
    primaryClass = "hep-th",
    doi = "10.21468/SciPostPhys.10.2.024",
    journal = "SciPost Phys.",
    volume = "10",
    number = "2",
    pages = "024",
    year = "2021"
}

@article{Asrat:2019end,
    author = "Asrat, Meseret",
    title = "{Entropic $c$\textendash{}functions in $T{\bar T}, J{\bar T}, T{\bar J}$ deformations}",
    eprint = "1911.04618",
    archivePrefix = "arXiv",
    primaryClass = "hep-th",
    doi = "10.1016/j.nuclphysb.2020.115186",
    journal = "Nucl. Phys. B",
    volume = "960",
    pages = "115186",
    year = "2020"
}

@article{Grado-White:2020wlb,
    author = "Grado-White, Brianna and Marolf, Donald and Weinberg, Sean J.",
    title = "{Radial Cutoffs and Holographic Entanglement}",
    eprint = "2008.07022",
    archivePrefix = "arXiv",
    primaryClass = "hep-th",
    doi = "10.1007/JHEP01(2021)009",
    journal = "JHEP",
    volume = "01",
    pages = "009",
    year = "2021"
}

@article{Marolf:2019bgj,
    author = "Marolf, Donald and Wall, Aron C. and Wang, Zhencheng",
    title = "{Restricted Maximin surfaces and HRT in generic black hole spacetimes}",
    eprint = "1901.03879",
    archivePrefix = "arXiv",
    primaryClass = "hep-th",
    doi = "10.1007/JHEP05(2019)127",
    journal = "JHEP",
    volume = "05",
    pages = "127",
    year = "2019"
}

@article{Cardy:2016fqc,
    author = "Cardy, John and Tonni, Erik",
    title = "{Entanglement hamiltonians in two-dimensional conformal field theory}",
    eprint = "1608.01283",
    archivePrefix = "arXiv",
    primaryClass = "cond-mat.stat-mech",
    doi = "10.1088/1742-5468/2016/12/123103",
    journal = "J. Stat. Mech.",
    volume = "1612",
    number = "12",
    pages = "123103",
    year = "2016"
}

@article{Wong:2013gua,
    author = "Wong, Gabriel and Klich, Israel and Pando Zayas, Leopoldo A. and Vaman, Diana",
    title = "{Entanglement Temperature and Entanglement Entropy of Excited States}",
    eprint = "1305.3291",
    archivePrefix = "arXiv",
    primaryClass = "hep-th",
    doi = "10.1007/JHEP12(2013)020",
    journal = "JHEP",
    volume = "12",
    pages = "020",
    year = "2013"
}

@article{Candelas:1978gf,
    author = "Candelas, P. and Dowker, J. S.",
    title = "{Field theories on conformally related space-times: Some global considerations}",
    reportNumber = "Print-78-1168 (TEXAS)",
    doi = "10.1103/PhysRevD.19.2902",
    journal = "Phys. Rev. D",
    volume = "19",
    pages = "2902",
    year = "1979"
}


%%% contains utf-8, see: https://old.inspirehep.net/info/faq/general#utf8
%%% add \usepackage[utf8]{inputenc} to your latex preamble

@article{Compere:2015knw,
      author         = "Compère, G. and Mao, Pujian and Seraj, A. and
                        Sheikh-Jabbari, M. M.",
      title          = "{Symplectic and Killing symmetries of AdS$_{3}$ gravity:
                        holographic vs boundary gravitons}",
      journal        = "JHEP",
      volume         = "01",
      year           = "2016",
      pages          = "080",
      doi            = "10.1007/JHEP01(2016)080",
      eprint         = "1511.06079",
      archivePrefix  = "arXiv",
      primaryClass   = "hep-th",
      reportNumber   = "IPM-P-2015-072",
      SLACcitation   = "%%CITATION = ARXIV:1511.06079;%%"
}


@article{Brown:1994gs,
      author         = "Brown, J. David and Creighton, J. and Mann, Robert B.",
      title          = "{Temperature, energy and heat capacity of asymptotically
                        anti-de Sitter black holes}",
      journal        = "Phys. Rev.",
      volume         = "D50",
      year           = "1994",
      pages          = "6394-6403",
      doi            = "10.1103/PhysRevD.50.6394",
      eprint         = "gr-qc/9405007",
      archivePrefix  = "arXiv",
      primaryClass   = "gr-qc",
      reportNumber   = "WATPHYS-TH-94-02, CTMP-006-NCSU",
      SLACcitation   = "%%CITATION = GR-QC/9405007;%%"
}


@article{Banados:1992wn,
      author         = "Banados, Maximo and Teitelboim, Claudio and Zanelli,
                        Jorge",
      title          = "{The Black hole in three-dimensional space-time}",
      journal        = "Phys. Rev. Lett.",
      volume         = "69",
      year           = "1992",
      pages          = "1849-1851",
      doi            = "10.1103/PhysRevLett.69.1849",
      eprint         = "hep-th/9204099",
      archivePrefix  = "arXiv",
      primaryClass   = "hep-th",
      reportNumber   = "PRINT-92-0151 (CHILE), IASSNS-HEP-92-29",
      SLACcitation   = "%%CITATION = HEP-TH/9204099;%%"
}


@book{Misner:1974qy,
      author         = "Misner, Charles W. and Thorne, K. S. and Wheeler, J. A.",
      title          = "{Gravitation}",
      publisher      = "W. H. Freeman",
      address        = "San Francisco",
      year           = "1973",
      journal        = "San Francisco 1973, 1279p",
      ISBN           = "9780716703440, 9780691177793",
      SLACcitation   = "%%CITATION = INSPIRE-95654;%%"
}


%%% contains utf-8, see: https://old.inspirehep.net/info/faq/general#utf8
%%% add \usepackage[utf8]{inputenc} to your latex preamble

@article{Giribet:2013yka,
      author         = "Garbarz, Alan and Giribet, Gaston and Goya, Andrés and
                        Leston, Mauricio",
      title          = "{Quasilocal energy for three-dimensional massive gravity
                        solutions with chiral deformations of $AdS_3$ boundary
                        conditions}",
      journal        = "Gen. Rel. Grav.",
      volume         = "46",
      year           = "2014",
      pages          = "1735",
      doi            = "10.1007/s10714-014-1735-x",
      eprint         = "1307.4791",
      archivePrefix  = "arXiv",
      primaryClass   = "hep-th",
      SLACcitation   = "%%CITATION = ARXIV:1307.4791;%%"
}



@article{Harlow:2019yfa,
    author = "Harlow, Daniel and Wu, Jie-Qiang",
    title = "{Covariant phase space with boundaries}",
    eprint = "1906.08616",
    archivePrefix = "arXiv",
    primaryClass = "hep-th",
    month = "6",
    year = "2019"
}

@inproceedings{Spradlin:2001pw,
    author = "Spradlin, Marcus and Strominger, Andrew and Volovich, Anastasia",
    title = "{Les Houches lectures on de Sitter space}",
    booktitle = "{Les Houches Summer School: Session 76: Euro Summer School on Unity of Fundamental Physics: Gravity, Gauge Theory and Strings}",
    eprint = "hep-th/0110007",
    archivePrefix = "arXiv",
    pages = "423--453",
    month = "10",
    year = "2001"
}


@article{Gorbenko:2018oov,
    author = "Gorbenko, Victor and Silverstein, Eva and Torroba, Gonzalo",
    title = "{dS/dS and $ T\overline{T} $}",
    eprint = "1811.07965",
    archivePrefix = "arXiv",
    primaryClass = "hep-th",
    doi = "10.1007/JHEP03(2019)085",
    journal = "JHEP",
    volume = "03",
    pages = "085",
    year = "2019"
}

@article{Crnkovic:1986ex,
    author = "Crnkovic, Cedomir and Witten, Edward",
    title = "{Covariant description of canonical formalism in geometrical theories}",
    reportNumber = "Print-86-1309 (PRINCETON)",
    month = "9",
    year = "1986"
}

@article{Banados:1998gg,
    author = "Banados, Maximo",
    editor = "Falomir, H. and Gamboa Saravi, R. E. and Schaposnik, F. A.",
    title = "{Three-dimensional quantum geometry and black holes}",
    eprint = "hep-th/9901148",
    archivePrefix = "arXiv",
    doi = "10.1063/1.59661",
    journal = "AIP Conf. Proc.",
    volume = "484",
    number = "1",
    pages = "147--169",
    year = "1999"
}

@article{Kraus:2021cwf,
    author = "Kraus, Per and Monten, Ruben and Myers, Richard M.",
    title = "{3D Gravity in a Box}",
    eprint = "2103.13398",
    archivePrefix = "arXiv",
    primaryClass = "hep-th",
    month = "3",
    year = "2021"
}

@article{Kraus:2018xrn,
    author = "Kraus, Per and Liu, Junyu and Marolf, Donald",
    title = "{Cutoff AdS$_{3}$ versus the $ T\overline{T} $ deformation}",
    eprint = "1801.02714",
    archivePrefix = "arXiv",
    primaryClass = "hep-th",
    reportNumber = "CALT-TH-2018-002",
    doi = "10.1007/JHEP07(2018)027",
    journal = "JHEP",
    volume = "07",
    pages = "027",
    year = "2018"
}


@article{Brown:1992br,
    author = "Brown, J. David and York, Jr., James W.",
    title = "{Quasilocal energy and conserved charges derived from the gravitational action}",
    eprint = "gr-qc/9209012",
    archivePrefix = "arXiv",
    reportNumber = "IFP-423-UNC, TAR-009-UNC",
    doi = "10.1103/PhysRevD.47.1407",
    journal = "Phys. Rev. D",
    volume = "47",
    pages = "1407--1419",
    year = "1993"
}

@article{Calabrese:2004eu,
    author = "Calabrese, Pasquale and Cardy, John L.",
    title = "{Entanglement entropy and quantum field theory}",
    eprint = "hep-th/0405152",
    archivePrefix = "arXiv",
    doi = "10.1088/1742-5468/2004/06/P06002",
    journal = "J. Stat. Mech.",
    volume = "0406",
    pages = "P06002",
    year = "2004"
}

@article{Calabrese:2009qy,
    author = "Calabrese, Pasquale and Cardy, John",
    title = "{Entanglement entropy and conformal field theory}",
    eprint = "0905.4013",
    archivePrefix = "arXiv",
    primaryClass = "cond-mat.stat-mech",
    doi = "10.1088/1751-8113/42/50/504005",
    journal = "J. Phys. A",
    volume = "42",
    pages = "504005",
    year = "2009"
}

@article{Witten:2018zxz,
    author = "Witten, Edward",
    title = "{APS Medal for Exceptional Achievement in Research: Invited article on entanglement properties of quantum field theory}",
    eprint = "1803.04993",
    archivePrefix = "arXiv",
    primaryClass = "hep-th",
    doi = "10.1103/RevModPhys.90.045003",
    journal = "Rev. Mod. Phys.",
    volume = "90",
    number = "4",
    pages = "045003",
    year = "2018"
}

@article{Harlow:2019yfa,
    author = "Harlow, Daniel and Wu, Jie-Qiang",
    title = "{Covariant phase space with boundaries}",
    eprint = "1906.08616",
    archivePrefix = "arXiv",
    primaryClass = "hep-th",
    doi = "10.1007/JHEP10(2020)146",
    journal = "JHEP",
    volume = "10",
    pages = "146",
    year = "2020"
}

@article{Zamolodchikov:2004ce,
    author = "Zamolodchikov, Alexander B.",
    title = "{Expectation value of composite field T anti-T in two-dimensional quantum field theory}",
    eprint = "hep-th/0401146",
    archivePrefix = "arXiv",
    reportNumber = "BONN-TH-2004-02",
    month = "1",
    year = "2004"
}

@article{Caputa:2020lpa,
    author = "Caputa, Pawel and Datta, Shouvik and Jiang, Yunfeng and Kraus, Per",
    title = "{Geometrizing $ T\overline{T} $}",
    eprint = "2011.04664",
    archivePrefix = "arXiv",
    primaryClass = "hep-th",
    reportNumber = "CERN-TH-2020-188",
    doi = "10.1007/JHEP03(2021)140",
    journal = "JHEP",
    volume = "03",
    pages = "140",
    year = "2021",
    note = "[Erratum: JHEP 09, 110 (2022)]"
}

@book{DiFrancesco:1997nk,
    author = "Di Francesco, P. and Mathieu, P. and Senechal, D.",
    title = "{Conformal Field Theory}",
    doi = "10.1007/978-1-4612-2256-9",
    isbn = "978-0-387-94785-3, 978-1-4612-7475-9",
    publisher = "Springer-Verlag",
    address = "New York",
    series = "Graduate Texts in Contemporary Physics",
    year = "1997"
}

@book{Polchinski:1998rq,
    author = "Polchinski, J.",
    title = "{String theory. Vol. 1: An introduction to the bosonic string}",
    doi = "10.1017/CBO9780511816079",
    isbn = "978-0-511-25227-3, 978-0-521-67227-6, 978-0-521-63303-1",
    publisher = "Cambridge University Press",
    series = "Cambridge Monographs on Mathematical Physics",
    month = "12",
    year = "2007"
}

@article{Jiang:2019epa,
    author = "Jiang, Yunfeng",
    title = "{A pedagogical review on solvable irrelevant deformations of 2D quantum field theory}",
    eprint = "1904.13376",
    archivePrefix = "arXiv",
    primaryClass = "hep-th",
    reportNumber = "CERN-TH-2019-058",
    doi = "10.1088/1572-9494/abe4c9",
    journal = "Commun. Theor. Phys.",
    volume = "73",
    number = "5",
    pages = "057201",
    year = "2021"
}

@article{Dong:2016hjy,
    author = "Dong, Xi and Lewkowycz, Aitor and Rangamani, Mukund",
    title = "{Deriving covariant holographic entanglement}",
    eprint = "1607.07506",
    archivePrefix = "arXiv",
    primaryClass = "hep-th",
    doi = "10.1007/JHEP11(2016)028",
    journal = "JHEP",
    volume = "11",
    pages = "028",
    year = "2016"
}

@article{Henningson:1998gx,
    author = "Henningson, M. and Skenderis, K.",
    title = "{The Holographic Weyl anomaly}",
    eprint = "hep-th/9806087",
    archivePrefix = "arXiv",
    reportNumber = "CERN-TH-98-188, KUL-TF-98-21",
    doi = "10.1088/1126-6708/1998/07/023",
    journal = "JHEP",
    volume = "07",
    pages = "023",
    year = "1998"
}

@article{deHaro:2000vlm,
    author = "de Haro, Sebastian and Solodukhin, Sergey N. and Skenderis, Kostas",
    title = "{Holographic reconstruction of space-time and renormalization in the AdS / CFT correspondence}",
    eprint = "hep-th/0002230",
    archivePrefix = "arXiv",
    reportNumber = "SPIN-2000-05, ITP-UU-00-03, PUTP-1921",
    doi = "10.1007/s002200100381",
    journal = "Commun. Math. Phys.",
    volume = "217",
    pages = "595--622",
    year = "2001"
}

@article{Balasubramanian:1999re,
    author = "Balasubramanian, Vijay and Kraus, Per",
    title = "{A Stress tensor for Anti-de Sitter gravity}",
    eprint = "hep-th/9902121",
    archivePrefix = "arXiv",
    reportNumber = "HUTP-99-A002, EFI-99-6, NSF-ITP-98-132",
    doi = "10.1007/s002200050764",
    journal = "Commun. Math. Phys.",
    volume = "208",
    pages = "413--428",
    year = "1999"
}

@article{Caputa:2019pam,
    author = "Caputa, Pawel and Datta, Shouvik and Shyam, Vasudev",
    title = "{Sphere partition functions \textbackslash{}\& cut-off AdS}",
    eprint = "1902.10893",
    archivePrefix = "arXiv",
    primaryClass = "hep-th",
    reportNumber = "YITP-19-09",
    doi = "10.1007/JHEP05(2019)112",
    journal = "JHEP",
    volume = "05",
    pages = "112",
    year = "2019"
}



@article{Fursaev:1995ef,
    author = "Fursaev, Dmitri V. and Solodukhin, Sergey N.",
    title = "{On the description of the Riemannian geometry in the presence of conical defects}",
    eprint = "hep-th/9501127",
    archivePrefix = "arXiv",
    reportNumber = "JINR-E2-95-28, JINR, E2-95-28",
    doi = "10.1103/PhysRevD.52.2133",
    journal = "Phys. Rev. D",
    volume = "52",
    pages = "2133--2143",
    year = "1995"
}

@article{He:2023xnb,
    author = "He, Miao and Sun, Yuan",
    title = "{Holographic entanglement entropy in $T\overline{T}$-deformed AdS$_3$}",
    eprint = "2301.04435",
    archivePrefix = "arXiv",
    primaryClass = "hep-th",
    month = "1",
    year = "2023"
}



@article{Jiang:2019trm,
    author = "Jiang, Hongliang and Tartaglino-Mazzucchelli, Gabriele",
    title = "{Supersymmetric J$ \overline{T} $ and T$ \overline{J} $ deformations}",
    eprint = "1911.05631",
    archivePrefix = "arXiv",
    primaryClass = "hep-th",
    doi = "10.1007/JHEP05(2020)140",
    journal = "JHEP",
    volume = "05",
    pages = "140",
    year = "2020"
}

@article{Aguilera-Damia:2019tpe,
    author = "Aguilera-Damia, Jerem\'\i{}as and Giraldo-Rivera, Victor I. and Mazenc, Edward A. and Salazar Landea, Ignacio and Soni, Ronak M.",
    title = "{A path integral realization of joint $ J\overline{T} $, $ T\overline{J} $ and $ T\overline{T} $ flows}",
    eprint = "1910.06675",
    archivePrefix = "arXiv",
    primaryClass = "hep-th",
    doi = "10.1007/JHEP07(2020)085",
    journal = "JHEP",
    volume = "07",
    number = "07",
    pages = "085",
    year = "2020"
}

@article{Jafari:2019qns,
    author = "Jafari, Ghadir and Naseh, Ali and Zolfi, Hamed",
    title = "{Path Integral Optimization for $T\bar{T}$ Deformation}",
    eprint = "1909.02357",
    archivePrefix = "arXiv",
    primaryClass = "hep-th",
    doi = "10.1103/PhysRevD.101.026007",
    journal = "Phys. Rev. D",
    volume = "101",
    number = "2",
    pages = "026007",
    year = "2020"
}

@article{Marolf:2012dr,
    author = "Marolf, Donald and Rangamani, Mukund",
    title = "{Causality and the AdS Dirichlet problem}",
    eprint = "1201.1233",
    archivePrefix = "arXiv",
    primaryClass = "hep-th",
    reportNumber = "DCPT-12-01",
    doi = "10.1007/JHEP04(2012)035",
    journal = "JHEP",
    volume = "04",
    pages = "035",
    year = "2012"
}

@book{Deligne:1999qp,
    editor = "Deligne, P. and Etingof, P. and Freed, D. S. and Jeffrey, L. C. and Kazhdan, D. and Morgan, J. W. and Morrison, D. R. and Witten, Edward",
    title = "{Quantum fields and strings: A course for mathematicians. Vol. 1}",
    isbn = "978-0-8218-2012-4",
    year = "1999"
}

@article{Heemskerk:2010hk,
    author = "Heemskerk, Idse and Polchinski, Joseph",
    title = "{Holographic and Wilsonian Renormalization Groups}",
    eprint = "1010.1264",
    archivePrefix = "arXiv",
    primaryClass = "hep-th",
    doi = "10.1007/JHEP06(2011)031",
    journal = "JHEP",
    volume = "06",
    pages = "031",
    year = "2011"
}

@article{Casini:2006es,
    author = "Casini, H. and Huerta, M.",
    editor = "Sola, Joan",
    title = "{A c-theorem for the entanglement entropy}",
    eprint = "cond-mat/0610375",
    archivePrefix = "arXiv",
    doi = "10.1088/1751-8113/40/25/S57",
    journal = "J. Phys. A",
    volume = "40",
    pages = "7031--7036",
    year = "2007"
}

@article{VanRaamsdonk:2010pw,
    author = "Van Raamsdonk, Mark",
    title = "{Building up spacetime with quantum entanglement}",
    eprint = "1005.3035",
    archivePrefix = "arXiv",
    primaryClass = "hep-th",
    doi = "10.1142/S0218271810018529",
    journal = "Gen. Rel. Grav.",
    volume = "42",
    pages = "2323--2329",
    year = "2010"
}


@article{Pastawski:2015qua,
    author = "Pastawski, Fernando and Yoshida, Beni and Harlow, Daniel and Preskill, John",
    title = "{Holographic quantum error-correcting codes: Toy models for the bulk/boundary correspondence}",
    eprint = "1503.06237",
    archivePrefix = "arXiv",
    primaryClass = "hep-th",
    doi = "10.1007/JHEP06(2015)149",
    journal = "JHEP",
    volume = "06",
    pages = "149",
    year = "2015"
}

@article{Kawamoto:2023wzj,
    author = "Kawamoto, Taishi and Ruan, Shan-Ming and Takayanagi, Tadashi",
    title = "{Gluing AdS/CFT}",
    eprint = "2303.01247",
    archivePrefix = "arXiv",
    primaryClass = "hep-th",
    reportNumber = "YITP-23-27",
    month = "3",
    year = "2023"
}

@article{Manschot:2022lib,
    author = "Manschot, Jan and Mondal, Swapnamay",
    title = "{Supersymmetric black holes and $T\bar T$ deformation}",
    eprint = "2207.01462",
    archivePrefix = "arXiv",
    primaryClass = "hep-th",
    month = "7",
    year = "2022"
}

@article{Maldacena:1997de,
    author = "Maldacena, Juan Martin and Strominger, Andrew and Witten, Edward",
    title = "{Black hole entropy in M theory}",
    eprint = "hep-th/9711053",
    archivePrefix = "arXiv",
    doi = "10.1088/1126-6708/1997/12/002",
    journal = "JHEP",
    volume = "12",
    pages = "002",
    year = "1997"
}

@article{Harlow:2018fse,
    author = "Harlow, Daniel",
    title = "{TASI Lectures on the Emergence of Bulk Physics in AdS/CFT}",
    eprint = "1802.01040",
    archivePrefix = "arXiv",
    primaryClass = "hep-th",
    doi = "10.22323/1.305.0002",
    journal = "PoS",
    volume = "TASI2017",
    pages = "002",
    year = "2018"
}

@article{Lewkowycz:2013nqa,
    author = "Lewkowycz, Aitor and Maldacena, Juan",
    title = "{Generalized gravitational entropy}",
    eprint = "1304.4926",
    archivePrefix = "arXiv",
    primaryClass = "hep-th",
    doi = "10.1007/JHEP08(2013)090",
    journal = "JHEP",
    volume = "08",
    pages = "090",
    year = "2013"
}

@article{Pastawski:2015qua,
    author = "Pastawski, Fernando and Yoshida, Beni and Harlow, Daniel and Preskill, John",
    title = "{Holographic quantum error-correcting codes: Toy models for the bulk/boundary correspondence}",
    eprint = "1503.06237",
    archivePrefix = "arXiv",
    primaryClass = "hep-th",
    doi = "10.1007/JHEP06(2015)149",
    journal = "JHEP",
    volume = "06",
    pages = "149",
    year = "2015"
}

@InProceedings{Dunham:Escher,
author="Dunham, Douglas",
editor="Bruter, Claude",
title="M.C. Escher's Use of the Poincar{\'e} Models of Hyperbolic Geometry",
booktitle="Mathematics and Modern Art",
year="2012",
publisher="Springer Berlin Heidelberg",
address="Berlin, Heidelberg",
pages="69--77",
abstract="The artist M.C. Escher was the first artist to create patterns in the hyperbolic plane. He used both the Poincar{\'e} disk model and the Poincar{\'e} half-plane model of hyperbolic geometry. We discuss some of the theory of hyperbolic patterns and show Escher-inspired designs in both of these models.",
isbn="978-3-642-24497-1"
}

@article{Benjamin:2020mfz,
    author = "Benjamin, Nathan and Collier, Scott and Maloney, Alexander",
    title = "{Pure Gravity and Conical Defects}",
    eprint = "2004.14428",
    archivePrefix = "arXiv",
    primaryClass = "hep-th",
    doi = "10.1007/JHEP09(2020)034",
    journal = "JHEP",
    volume = "09",
    pages = "034",
    year = "2020"
}

@article{Susskind:2014rva,
    author = "Susskind, Leonard",
    title = "{Computational Complexity and Black Hole Horizons}",
    eprint = "1403.5695",
    archivePrefix = "arXiv",
    primaryClass = "hep-th",
    doi = "10.1002/prop.201500092",
    journal = "Fortsch. Phys.",
    volume = "64",
    pages = "24--43",
    year = "2016",
    note = "[Addendum: Fortsch.Phys. 64, 44--48 (2016)]"
}

@book{Rangamani:2016dms,
    author = "Rangamani, Mukund and Takayanagi, Tadashi",
    title = "{Holographic Entanglement Entropy}",
    eprint = "1609.01287",
    archivePrefix = "arXiv",
    primaryClass = "hep-th",
    reportNumber = "YITP-16-106",
    doi = "10.1007/978-3-319-52573-0",
    publisher = "Springer",
    volume = "931",
    year = "2017"
}

@article{Vidal:2007hda,
    author = "Vidal, G.",
    title = "{Entanglement Renormalization}",
    eprint = "cond-mat/0512165",
    archivePrefix = "arXiv",
    doi = "10.1103/PhysRevLett.99.220405",
    journal = "Phys. Rev. Lett.",
    volume = "99",
    number = "22",
    pages = "220405",
    year = "2007"
}

@article{Swingle:2009bg,
    author = "Swingle, Brian",
    title = "{Entanglement Renormalization and Holography}",
    eprint = "0905.1317",
    archivePrefix = "arXiv",
    primaryClass = "cond-mat.str-el",
    doi = "10.1103/PhysRevD.86.065007",
    journal = "Phys. Rev. D",
    volume = "86",
    pages = "065007",
    year = "2012"
}

@article{Boruch:2021hqs,
    author = "Boruch, Jan and Caputa, Pawel and Ge, Dongsheng and Takayanagi, Tadashi",
    title = "{Holographic Path-Integral Optimization}",
    eprint = "2104.00010",
    archivePrefix = "arXiv",
    primaryClass = "hep-th",
    reportNumber = "YITP-21-25, IPMU21-0022",
    month = "3",
    year = "2021"
}

@article{Nozaki:2012zj,
    author = "Nozaki, Masahiro and Ryu, Shinsei and Takayanagi, Tadashi",
    title = "{Holographic Geometry of Entanglement Renormalization in Quantum Field Theories}",
    eprint = "1208.3469",
    archivePrefix = "arXiv",
    primaryClass = "hep-th",
    reportNumber = "YITP-12-72, IPMU12-0159",
    doi = "10.1007/JHEP10(2012)193",
    journal = "JHEP",
    volume = "10",
    pages = "193",
    year = "2012"
}

@article{Lewkowycz:2019xse,
    author = "Lewkowycz, Aitor and Liu, Junyu and Silverstein, Eva and Torroba, Gonzalo",
    title = "{$ T\overline{T} $ and EE, with implications for (A)dS subregion encodings}",
    eprint = "1909.13808",
    archivePrefix = "arXiv",
    primaryClass = "hep-th",
    reportNumber = "CALT-TH-2019--031",
    doi = "10.1007/JHEP04(2020)152",
    journal = "JHEP",
    volume = "04",
    pages = "152",
    year = "2020"
}

@article{Apolo:2020bld,
    author = "Apolo, Luis and Jiang, Hongliang and Song, Wei and Zhong, Yuan",
    title = "{Swing surfaces and holographic entanglement beyond AdS/CFT}",
    eprint = "2006.10740",
    archivePrefix = "arXiv",
    primaryClass = "hep-th",
    doi = "10.1007/JHEP12(2020)064",
    journal = "JHEP",
    volume = "12",
    pages = "064",
    year = "2020"
}

@article{Apolo:2020qjm,
    author = "Apolo, Luis and Jiang, Hongliang and Song, Wei and Zhong, Yuan",
    title = "{Modular Hamiltonians in flat holography and (W)AdS/WCFT}",
    eprint = "2006.10741",
    archivePrefix = "arXiv",
    primaryClass = "hep-th",
    doi = "10.1007/JHEP09(2020)033",
    journal = "JHEP",
    volume = "09",
    pages = "033",
    year = "2020"
}

@article{Jahn:2021uqr,
    author = "Jahn, Alexander and Eisert, Jens",
    title = "{Holographic tensor network models and quantum error correction: A topical review}",
    eprint = "2102.02619",
    archivePrefix = "arXiv",
    primaryClass = "quant-ph",
    month = "2",
    year = "2021"
}

@article{May:2016dgv,
    author = "May, Alex",
    title = "{Tensor networks for dynamic spacetimes}",
    eprint = "1611.06220",
    archivePrefix = "arXiv",
    primaryClass = "hep-th",
    doi = "10.1007/JHEP06(2017)118",
    journal = "JHEP",
    volume = "06",
    pages = "118",
    year = "2017"
}

@article{McGough:2016lol,
    author = "McGough, Lauren and Mezei, M\'ark and Verlinde, Herman",
    title = "{Moving the CFT into the bulk with $ T\overline{T} $}",
    eprint = "1611.03470",
    archivePrefix = "arXiv",
    primaryClass = "hep-th",
    doi = "10.1007/JHEP04(2018)010",
    journal = "JHEP",
    volume = "04",
    pages = "010",
    year = "2018"
}

@article{Smirnov:2016lqw,
    author = "Smirnov, F. A. and Zamolodchikov, A. B.",
    title = "{On space of integrable quantum field theories}",
    eprint = "1608.05499",
    archivePrefix = "arXiv",
    primaryClass = "hep-th",
    doi = "10.1016/j.nuclphysb.2016.12.014",
    journal = "Nucl. Phys. B",
    volume = "915",
    pages = "363--383",
    year = "2017"
}

@article{Apolo:2019zai,
    author = "Apolo, Luis and Detournay, Stephane and Song, Wei",
    title = "{TsT, $T\bar{T}$ and black strings}",
    eprint = "1911.12359",
    archivePrefix = "arXiv",
    primaryClass = "hep-th",
    doi = "10.1007/JHEP06(2020)109",
    journal = "JHEP",
    volume = "06",
    pages = "109",
    year = "2020"
}

@online{AldegundePWSep22,
	author = {Aldegunde, Clara},
	title = {Knitting space–time out of quantum entanglement},
	date = {2022-09-13},
	url = {https://physicsworld.com/a/knitting-space-time-out-of-quantum-entanglement/},
}

@article{Fefferman:2007rka,
    author = "Fefferman, Charles and Graham, C. Robin",
    title = "{The ambient metric}",
    eprint = "0710.0919",
    archivePrefix = "arXiv",
    primaryClass = "math.DG",
    journal = "Ann. Math. Stud.",
    volume = "178",
    pages = "1--128",
    year = "2011"
}

@article{Aharony:1999ti,
    author = "Aharony, Ofer and Gubser, Steven S. and Maldacena, Juan Martin and Ooguri, Hirosi and Oz, Yaron",
    title = "{Large N field theories, string theory and gravity}",
    eprint = "hep-th/9905111",
    archivePrefix = "arXiv",
    reportNumber = "CERN-TH-99-122, HUTP-99-A027, LBNL-43113, RU-99-18, UCB-PTH-99-16, LBL-43113",
    doi = "10.1016/S0370-1573(99)00083-6",
    journal = "Phys. Rept.",
    volume = "323",
    pages = "183--386",
    year = "2000"
}

@article{Cui:2023jrb,
    author = "Cui, Wei and Shu, Hongfei and Song, Wei and Wang, Juntao",
    title = "{Correlation Functions in the TsT/$T{\bar T}$ Correspondence}",
    eprint = "2304.04684",
    archivePrefix = "arXiv",
    primaryClass = "hep-th",
    month = "4",
    year = "2023"
}

@article{Cardy:2019qao,
    author = "Cardy, John",
    title = "{$T\bar T$ deformation of correlation functions}",
    eprint = "1907.03394",
    archivePrefix = "arXiv",
    primaryClass = "hep-th",
    doi = "10.1007/JHEP12(2019)160",
    journal = "JHEP",
    volume = "12",
    pages = "160",
    year = "2019"
}

@article{Apolo:2023vnm,
    author = "Apolo, Luis and Hao, Peng-Xiang and Lai, Wen-Xin and Song, Wei",
    title = "{Glue-on AdS holography for $T\bar T$-deformed CFTs}",
    eprint = "2303.04836",
    archivePrefix = "arXiv",
    primaryClass = "hep-th",
    month = "3",
    year = "2023"
}
