@article{Wald:1993nt,
    author = "Wald, Robert M.",
    title = "{Black hole entropy is the Noether charge}",
    eprint = "gr-qc/9307038",
    archivePrefix = "arXiv",
    reportNumber = "EFI-93-42",
    doi = "10.1103/PhysRevD.48.R3427",
    journal = "Phys. Rev. D",
    volume = "48",
    number = "8",
    pages = "3427--3431",
    year = "1993"
}

@article{Lewkowycz:2013nqa,
    author = "Lewkowycz, Aitor and Maldacena, Juan",
    title = "{Generalized gravitational entropy}",
    eprint = "1304.4926",
    archivePrefix = "arXiv",
    primaryClass = "hep-th",
    doi = "10.1007/JHEP08(2013)090",
    journal = "JHEP",
    volume = "08",
    pages = "090",
    year = "2013"
}

@article{Faulkner:2013ana,
    author = "Faulkner, Thomas and Lewkowycz, Aitor and Maldacena, Juan",
    title = "{Quantum corrections to holographic entanglement entropy}",
    eprint = "1307.2892",
    archivePrefix = "arXiv",
    primaryClass = "hep-th",
    doi = "10.1007/JHEP11(2013)074",
    journal = "JHEP",
    volume = "11",
    pages = "074",
    year = "2013"
}

@article{Apolo:2020bld,
    author = "Apolo, Luis and Jiang, Hongliang and Song, Wei and Zhong, Yuan",
    title = "{Swing surfaces and holographic entanglement beyond AdS/CFT}",
    eprint = "2006.10740",
    archivePrefix = "arXiv",
    primaryClass = "hep-th",
    doi = "10.1007/JHEP12(2020)064",
    journal = "JHEP",
    volume = "12",
    pages = "064",
    year = "2020"
}

@article{Apolo:2020qjm,
    author = "Apolo, Luis and Jiang, Hongliang and Song, Wei and Zhong, Yuan",
    title = "{Modular Hamiltonians in flat holography and (W)AdS/WCFT}",
    eprint = "2006.10741",
    archivePrefix = "arXiv",
    primaryClass = "hep-th",
    doi = "10.1007/JHEP09(2020)033",
    journal = "JHEP",
    volume = "09",
    pages = "033",
    year = "2020"
}

@article{Czech:2019vih,
    author = "Czech, Bartlomiej and De Boer, Jan and Ge, Dongsheng and Lamprou, Lampros",
    title = "{A modular sewing kit for entanglement wedges}",
    eprint = "1903.04493",
    archivePrefix = "arXiv",
    primaryClass = "hep-th",
    doi = "10.1007/JHEP11(2019)094",
    journal = "JHEP",
    volume = "11",
    pages = "094",
    year = "2019"
}