@article{Chang:2018iay,
    author = "Chang, Chi-Ming and Lin, Ying-Hsuan and Shao, Shu-Heng and Wang, Yifan and Yin, Xi",
    title = "{Topological Defect Lines and Renormalization Group Flows in Two Dimensions}",
    eprint = "1802.04445",
    archivePrefix = "arXiv",
    primaryClass = "hep-th",
    reportNumber = "CALT-TH-2017-067, CALT-TH 2017-067, PUPT-2546",
    doi = "10.1007/JHEP01(2019)026",
    journal = "JHEP",
    volume = "01",
    pages = "026",
    year = "2019"
}

@article{Bhardwaj:2017xup,
    author = "Bhardwaj, Lakshya and Tachikawa, Yuji",
    title = "{On finite symmetries and their gauging in two dimensions}",
    eprint = "1704.02330",
    archivePrefix = "arXiv",
    primaryClass = "hep-th",
    reportNumber = "IPMU-17-0049",
    doi = "10.1007/JHEP03(2018)189",
    journal = "JHEP",
    volume = "03",
    pages = "189",
    year = "2018"
}

@article{Atanasov:2017abc,
    author = "Atanasov, Alex",
    title = "{2D CFT and the Ising Model}",
    url = "http://abatanasov.com/Files/2D%20Ising%20CFT.pdf"
}

@article{Belavin:1984vu,
    author = "Belavin, A. A. and Polyakov, Alexander M. and Zamolodchikov, A. B.",
    editor = "Khalatnikov, I. M. and Mineev, V. P.",
    title = "{Infinite Conformal Symmetry in Two-Dimensional Quantum Field Theory}",
    reportNumber = "CERN-TH-3827",
    doi = "10.1016/0550-3213(84)90052-X",
    journal = "Nucl. Phys. B",
    volume = "241",
    pages = "333--380",
    year = "1984"
}

@article{Kogut:1979wt,
    author = "Kogut, John B.",
    title = "{An Introduction to Lattice Gauge Theory and Spin Systems}",
    reportNumber = "ILL-TH-79-4",
    doi = "10.1103/RevModPhys.51.659",
    journal = "Rev. Mod. Phys.",
    volume = "51",
    pages = "659",
    year = "1979"
}

@inproceedings{Simmons-Duffin:2016gjk,
    author = "Simmons-Duffin, David",
    title = "{The Conformal Bootstrap}",
    booktitle = "{Theoretical Advanced Study Institute in Elementary Particle Physics}: {New Frontiers in Fields and Strings}",
    eprint = "1602.07982",
    archivePrefix = "arXiv",
    primaryClass = "hep-th",
    doi = "10.1142/9789813149441_0001",
    month = "2",
    year = "2016"
}

@book{Fradkin:1991nr,
    author = "Fradkin, Eduardo H.",
    title = "{Field Theories of Condensed Matter Physics}",
    isbn = "978-0-521-76444-5, 978-1-107-30214-3",
    publisher = "Cambridge Univ. Press",
    address = "Cambridge, UK",
    volume = "82",
    month = "2",
    year = "2013"
}
