@book{baez1994gauge,
  title={Gauge fields, knots and gravity},
  author={Baez, John and Muniain, Javier P},
  volume={4},
  year={1994},
  publisher={World Scientific Publishing Company}
}

@article{figueroa2010spin,
  title={Spin geometry},
  author={Figueroa-O’Farrill, Jos{\'e}},
  url={https://empg.maths.ed.ac.uk/Activities/Spin/}
}

@book{Nakahara:2003nw,
      author         = "Nakahara, M.",
      title          = "{Geometry, topology and physics}",
      journal        = "Boca Raton, USA: Taylor & Francis (2003) 573 p",
      year           = "2003",
      SLACcitation   = "%%CITATION = INSPIRE-640779;%%"
}

@book{gockeler1989differential,
  title={Differential geometry, gauge theories, and gravity},
  author={G{\"o}ckeler, Meinulf and Sch{\"u}cker, Thomas},
  year={1989},
  publisher={Cambridge University Press}
}

@book{lee2012introduction,
  title={Introduction to Smooth Manifolds},
  author={Lee, J.},
  isbn={9781441999825},
  lccn={2012945172},
  series={Graduate Texts in Mathematics},
  url={https://link.springer.com/book/10.1007/978-1-4419-9982-5},
  year={2012},
  publisher={Springer New York}
}

@article{Marsh:2016hdj,
    author = "Marsh, Adam",
    title = "{Gauge Theories and Fiber Bundles: Definitions, Pictures, and Results}",
    eprint = "1607.03089",
    archivePrefix = "arXiv",
    primaryClass = "math.DG",
    month = "7",
    year = "2016"
}

@article{Compere:2018aar,
    author = "Compère, Geoffrey and Fiorucci, Adrien",
    title = "{Advanced Lectures on General Relativity}",
    eprint = "1801.07064",
    archivePrefix = "arXiv",
    primaryClass = "hep-th",
    month = "1",
    year = "2018"
}

@book{Sakurai:2011zz,
      author         = "Sakurai, Jun John and Napolitano, Jim",
      title          = "{Modern Quantum Mechanics}",
      publisher      = "Cambridge University Press",
      address        = "Cambridge",
      year           = "2017",
      journal        = "Boston, USA: Addison-Wesley (2011) 550 p",
      series         = "Quantum physics, quantum information and quantum
                        computation",
      ISBN           = "9780805382914, 9781108527422",
      SLACcitation   = "%%CITATION = INSPIRE-913962;%%"
}

@book{liangcanbin2006relativity,
	author={梁灿彬，周彬},
	year={2006},
	title={微分几何入门与广义相对论},
	publisher={科学出版社},
	address={北京},
	edition={2},
	language={Chinese},
}

@book{carroll_2019, place={Cambridge}, title={Spacetime and Geometry: An Introduction to General Relativity}, DOI={10.1017/9781108770385}, publisher={Cambridge University Press}, author={Carroll, Sean M.}, year={2019}}

@article{Achucarro:1987vz,
    author = "Achucarro, A. and Townsend, P.K.",
    editor = "Salam, A. and Sezgin, E.",
    title = "{A Chern-Simons Action for Three-Dimensional anti-De Sitter Supergravity Theories}",
    reportNumber = "Print-87-0078 (CAMBRIDGE)",
    doi = "10.1016/0370-2693(86)90140-1",
    journal = "Phys. Lett. B",
    volume = "180",
    pages = "89",
    year = "1986"
}

@article{Witten:1988hc,
    author = "Witten, Edward",
    title = "{(2+1)-Dimensional Gravity as an Exactly Soluble System}",
    reportNumber = "IASSNS-HEP-88-32",
    doi = "10.1016/0550-3213(88)90143-5",
    journal = "Nucl. Phys. B",
    volume = "311",
    pages = "46",
    year = "1988"
}