@article{Buscher:1987qj,
    author = "Buscher, T.H.",
    title = "{Path Integral Derivation of Quantum Duality in Nonlinear Sigma Models}",
    reportNumber = "ITP-SB-87-61",
    doi = "10.1016/0370-2693(88)90602-8",
    journal = "Phys. Lett. B",
    volume = "201",
    pages = "466--472",
    year = "1988"
}

@article{Alvarez:1994dn,
    author = "Alvarez, Enrique and Alvarez-Gaume, Luis and Lozano, Yolanda",
    title = "{An Introduction to T duality in string theory}",
    eprint = "hep-th/9410237",
    archivePrefix = "arXiv",
    reportNumber = "CERN-TH-7486-94, FTUAM-94-26A",
    doi = "10.1016/0920-5632(95)00429-D",
    journal = "Nucl. Phys. B Proc. Suppl.",
    volume = "41",
    pages = "1--20",
    year = "1995"
}