@article{Strominger:2017zoo,
    author = "Strominger, Andrew",
    title = "{Lectures on the Infrared Structure of Gravity and Gauge Theory}",
    eprint = "1703.05448",
    archivePrefix = "arXiv",
    primaryClass = "hep-th",
    month = "3",
    year = "2017"
}

@article{Ball:2019atb,
    author = "Ball, Adam and Himwich, Elizabeth and Narayanan, Sruthi A. and Pasterski, Sabrina and Strominger, Andrew",
    title = "{Uplifting AdS$_{3}$/CFT$_{2}$ to flat space holography}",
    eprint = "1905.09809",
    archivePrefix = "arXiv",
    primaryClass = "hep-th",
    doi = "10.1007/JHEP08(2019)168",
    journal = "JHEP",
    volume = "08",
    pages = "168",
    year = "2019"
}

@article{Pate:2019mfs,
    author = "Pate, Monica and Raclariu, Ana-Maria and Strominger, Andrew",
    title = "{Conformally Soft Theorem in Gauge Theory}",
    eprint = "1904.10831",
    archivePrefix = "arXiv",
    primaryClass = "hep-th",
    doi = "10.1103/PhysRevD.100.085017",
    journal = "Phys. Rev. D",
    volume = "100",
    number = "8",
    pages = "085017",
    year = "2019"
}

@article{Strominger:2001pn,
    author = "Strominger, Andrew",
    title = "{The dS / CFT correspondence}",
    eprint = "hep-th/0106113",
    archivePrefix = "arXiv",
    doi = "10.1088/1126-6708/2001/10/034",
    journal = "JHEP",
    volume = "10",
    pages = "034",
    year = "2001"
}

@article{Maldacena:2002vr,
    author = "Maldacena, Juan Martin",
    title = "{Non-Gaussian features of primordial fluctuations in single field inflationary models}",
    eprint = "astro-ph/0210603",
    archivePrefix = "arXiv",
    doi = "10.1088/1126-6708/2003/05/013",
    journal = "JHEP",
    volume = "05",
    pages = "013",
    year = "2003"
}

@inproceedings{Witten:2001kn,
    author = "Witten, Edward",
    title = "{Quantum gravity in de Sitter space}",
    booktitle = "{Strings 2001: International Conference}",
    eprint = "hep-th/0106109",
    archivePrefix = "arXiv",
    month = "6",
    year = "2001"
}

@article{deBoer:2003vf,
    author = "de Boer, Jan and Solodukhin, Sergey N.",
    title = "{A Holographic reduction of Minkowski space-time}",
    eprint = "hep-th/0303006",
    archivePrefix = "arXiv",
    reportNumber = "ITFA-2003-11",
    doi = "10.1016/S0550-3213(03)00494-2",
    journal = "Nucl. Phys. B",
    volume = "665",
    pages = "545--593",
    year = "2003"
}

@article{Pasterski:2017kqt,
    author = "Pasterski, Sabrina and Shao, Shu-Heng",
    title = "{Conformal basis for flat space amplitudes}",
    eprint = "1705.01027",
    archivePrefix = "arXiv",
    primaryClass = "hep-th",
    doi = "10.1103/PhysRevD.96.065022",
    journal = "Phys. Rev. D",
    volume = "96",
    number = "6",
    pages = "065022",
    year = "2017"
}

@book{Polchinski:1998rq,
    author = "Polchinski, J.",
    title = "{String theory. Vol. 1: An introduction to the bosonic string}",
    doi = "10.1017/CBO9780511816079",
    isbn = "978-0-511-25227-3, 978-0-521-67227-6, 978-0-521-63303-1",
    publisher = "Cambridge University Press",
    series = "Cambridge Monographs on Mathematical Physics",
    month = "12",
    year = "2007"
}
